1962 3328
593 4 666 22 ²*
681 0 1134 31 mimum-swa
1248 7 1254 15 „
1475 0 1485 14 τ
1502 0 1530 10 ε’

981 143 1002 155 Q

585 334 692 367 CAP.
716 334 836 375 X1x.,
858 333 997 366 VERs.
1019 324 1167 366 6.-Ν.
1196 334 1314 377 1217.
1583 324 1697 385 ²847.

210 447 355 489 lorum
377 447 643 488 caelestium
665 447 781 488 sicut
802 429 940 488 sonus
959 447 1225 488 tonitruum.
1276 456 1378 493 (Quid
1391 464 1487 493 porro
1499 451 1517 463 ⁴⁴
1528 454 1667 484 tonitrua
1677 453 1694 464 ··

208 518 396 556 signifioent,
409 518 553 547 videatur
566 527 671 555 supra,
684 527 715 546 n.
732 517 826 559 273,
845 516 937 559 353,
948 507 1046 559 498,
1059 515 1154 558 702,
1168 515 1262 557 704,
1279 515 1412 556 1014.)

150 713 154 715 Δ
210 693 406 719 (anunm-⁶0.)

419 720 510 774 [ωε
540 718 935 773 Φωπὶυταεεεηῐία
963 725 1003 762 et
1029 718 1083 762 he
1113 716 1482 770 &muiscientiaj

279 895 424 931 Actum
450 902 509 931 est
535 896 585 930 de
612 894 822 934 Infinitate,
840 901 880 930 et
907 894 1164 934 Aeternitate,
1182 901 1267 929 tum
1294 894 1344 928 de
1373 893 1630 928 Providentia
1655 899 1695 927 et

209 942 519 988 Omnipotentia,
540 953 641 987 quae
658 949 750 977 sunt
770 941 962 982 Domino;
984 952 1088 976 nunc
1101 940 1299 987 agendum
1317 947 1378 975 est
1395 941 1444 975 de
1463 939 1696 985 Omniprae-

208 990 336 1026 sentia
359 996 399 1024 et
423 990 474 1024 de
499 989 796 1028 Omniscientia,
814 999 915 1033 quae
935 994 1030 1023 sunt
1057 988 1147 1033 Ipsi.
1196 987 1314 1034 Quod
1342 987 1450 1022 Deus
1475 986 1696 1032 omniprae-

207 1047 299 1072 sens
318 1036 380 1075 sit,
401 1043 441 1071 et
461 1036 568 1081 quod
589 1035 815 1074 omniscius,
837 1035 1064 1080 agnoscitur
1085 1035 1124 1069 in
1150 1035 1259 1069 omni
1286 1034 1493 1080 religione;
1524 1034 1616 1068 inde
1636 1041 1696 1068 est

208 1090 252 1118 ut
272 1090 386 1118 orent
402 1083 452 1117 ad
474 1082 611 1122 Deum,
631 1089 675 1116 ut
694 1082 829 1116 audiat
849 1093 894 1116 ac
919 1088 964 1116 ut
988 1081 1132 1121 videat,
1150 1088 1190 1116 et
1211 1081 1460 1121 misereatur;
1486 1080 1594 1126 quod
1615 1091 1694 1115 non

209 1129 382 1166 facerent
407 1129 480 1164 nisi
507 1129 712 1164 crederent
737 1128 1111 1173 omnipraesentiam
1141 1139 1187 1163 ac
1211 1128 1528 1163 omniscientiam
1557 1127 1696 1172 Ipsius.

209 1176 327 1223 Quod
349 1175 389 1210 id
409 1176 571 1211 credant
588 1182 648 1210 est
668 1186 716 1210 ex
737 1175 886 1210 influxu
907 1186 929 1210 e
954 1175 1063 1210 caelo
1080 1175 1186 1220 apud
1205 1175 1292 1210 illos
1309 1174 1452 1220 quibus
1469 1181 1530 1209 est
1547 1174 1695 1220 religio,

208 1235 256 1259 ex
274 1223 285 1257 i
315 1234 358 1258 sa
374 1223 479 1257 enim
498 1222 685 1268 religione
703 1233 782 1257 non
804 1223 912 1257 venit
933 1222 973 1256 in
994 1222 1266 1267 quaestionem
1285 1232 1379 1256 num
1401 1221 1518 1256 datur
1538 1227 1577 1255 et
1598 1231 1696 1266 quo-

209 1281 275 1305 mo
305 1280 330 1305 0
347 1270 474 1304 datur.
523 1269 578 1303 At
599 1269 692 1314 quia
711 1269 841 1308 hodie,
861 1269 1052 1314 imprimis
1074 1269 1112 1303 in
1135 1268 1362 1303 Christiano
1382 1269 1487 1307 orbe,
1506 1267 1697 1313 multipli-

208 1316 286 1352 cati
304 1323 396 1352 sunt
422 1316 602 1351 homines
628 1316 834 1355 naturales,
853 1322 893 1350 et
919 1316 959 1350 hi
986 1326 1065 1350 non
1091 1315 1229 1350 vident
1253 1315 1402 1360 aliquid
1439 1315 1523 1355 Dei,
1550 1323 1590 1349 et
1615 1325 1695 1349 non

209 1363 375 1398 credunt
392 1363 466 1398 nisi
480 1363 651 1402 videant,
668 1362 716 1405 (si
734 1362 872 1396 dicunt
885 1363 992 1407 quod
1011 1362 1184 1402 credant,
1199 1369 1260 1397 est
1272 1362 1334 1397 vel
1348 1373 1396 1396 ex
1414 1361 1555 1401 officio,
1569 1362 1629 1396 vel
1648 1372 1697 1396 ex

208 1420 326 1445 caeca
337 1409 512 1449 scientia,
527 1410 589 1444 vel
607 1421 655 1444 ex
670 1409 877 1455 hypocrisi,
892 1416 933 1444 et
951 1420 1075 1454 usque
1090 1416 1257 1454 possunt
1270 1409 1431 1452 videre,)
1448 1409 1538 1443 ideo
1557 1409 1606 1443 de
1621 1409 1697 1443 illis

208 1467 309 1502 quae
331 1456 405 1491 Dei
425 1463 528 1495 sunt,
547 1463 591 1490 ut
611 1456 781 1496 videant,
800 1456 892 1490 licet
912 1467 960 1490 ex
985 1456 1071 1490 luce
1092 1463 1131 1491 et
1150 1456 1241 1491 inde
1261 1456 1348 1490 visu
1369 1456 1551 1490 rationali
1568 1466 1695 1501 agere.

209 1503 386 1550 Quisque
402 1503 507 1537 enim
529 1503 660 1542 homo,
678 1503 797 1537 etiam
824 1513 929 1537 mere
951 1503 1139 1538 naturalis
1163 1510 1203 1537 et
1229 1503 1429 1541 sensualis,
1449 1503 1611 1537 dotatus
1637 1510 1697 1537 est

209 1548 421 1589 intellectu,
435 1550 502 1594 qui
516 1550 658 1584 elevari
671 1556 802 1594 potest
814 1550 851 1583 in
866 1550 993 1584 lucem
1007 1550 1115 1589 caeli,
1127 1560 1173 1584 ac
1184 1550 1317 1584 videre
1331 1549 1559 1594 spiritualia,
1574 1549 1697 1593 immo

211 1596 365 1636 Divina,
383 1603 423 1631 et
440 1607 597 1641 quoque
614 1596 948 1641 comprehendere
967 1596 1041 1635 illa,
1060 1597 1129 1631 sed
1148 1597 1269 1631 modo
1287 1597 1381 1631 dum
1400 1596 1512 1630 audit
1538 1596 1604 1630 illa
1629 1603 1698 1630 aut

209 1643 304 1689 legit
316 1643 400 1683 i11a;
421 1653 466 1677 ac
480 1650 617 1688 postea
628 1654 676 1678 ex
688 1643 878 1678 memoria
889 1649 1020 1688 potest
1036 1643 1145 1689 loqui
1161 1644 1235 1683 illa,
1254 1644 1323 1678 sed
1335 1643 1510 1689 cogitare
1525 1643 1590 1677 illa
1605 1643 1643 1677 in
1656 1654 1698 1677 se

208 1701 258 1725 ex
273 1701 316 1725 se
333 1700 413 1724 non
431 1697 581 1734 potest:
610 1700 727 1724 causa
744 1697 814 1730 est,
829 1690 922 1735 quia
939 1691 1034 1724 dum
1052 1691 1163 1724 audit
1181 1697 1219 1724 et
1238 1690 1344 1736 legit,
1357 1697 1417 1725 est
1435 1689 1657 1724 intellectus
1675 1701 1698 1724 a

209 1735 366 1782 propria
382 1747 453 1771 sua
469 1736 676 1771 affectione
690 1744 910 1781 separatus:
931 1743 971 1771 et
984 1748 1074 1771 cum
1086 1738 1135 1772 ab
1154 1737 1219 1771 illa
1232 1744 1434 1782 separatus
1446 1744 1515 1776 est,
1531 1745 1626 1771 tunc
1638 1744 1698 1771 est

209 1783 249 1818 in
261 1783 347 1823 luce
357 1783 455 1818 caeli
468 1794 476 1818 :
496 1790 538 1818 at
548 1794 636 1818 cum
652 1783 801 1829 cogitat
816 1783 854 1817 in
869 1794 910 1818 se
922 1795 970 1818 ex
982 1795 1034 1824 se,
1047 1791 1144 1818 tunc
1156 1783 1378 1819 intellectus
1389 1790 1449 1818 est
1460 1782 1698 1829 conjunctus

207 1829 408 1865 affectioni
422 1840 515 1864 suae
528 1830 754 1869 voluntatis,
768 1837 808 1864 et
826 1831 923 1865 haec
938 1830 1047 1864 illum
1062 1831 1208 1875 implet,
1225 1831 1376 1865 detinet
1394 1837 1434 1865 et
1452 1831 1501 1864 ab
1514 1831 1697 1865 exeundo

208 1883 326 1912 arcet.
375 1875 454 1911 Sed
471 1887 595 1922 usque
614 1887 674 1911 res
692 1876 731 1910 in
748 1888 790 1912 se
807 1877 897 1912 talis
915 1884 974 1912 est
991 1878 1098 1923 quod
1118 1877 1338 1912 intellectus
1356 1877 1482 1922 possit
1506 1878 1555 1912 ab
1581 1877 1698 1912 affec-

209 1923 319 1958 tione
342 1923 558 1958 voluntatis
583 1923 764 1968 separari,
791 1931 832 1958 et
860 1924 916 1959 sic
945 1925 1088 1959 elevari
1118 1924 1158 1958 in
1187 1925 1316 1959 lucem
1341 1924 1450 1963 caeli,
1477 1925 1581 1969 apud
1609 1924 1697 1960 illos

209 1970 406 2005 naturales
424 1969 604 2005 homines
621 1970 688 2015 qui
711 1970 749 2004 in
767 1969 975 2006 affectione
992 1971 1074 2005 veri
1099 1978 1204 2011 sunt,
1223 1978 1263 2006 et
1283 1982 1325 2006 se
1342 1982 1422 2006 non
1441 1971 1698 2006 confirmave-

209 2023 301 2051 runt
318 2016 358 2051 in
376 2016 503 2057 falsis;
524 2017 593 2051 sed
611 2027 726 2062 aegre
740 2018 843 2062 apud
863 2017 950 2052 illos
968 2018 1035 2063 qui
1054 2029 1134 2052 non
1153 2018 1191 2052 in
1210 2017 1419 2053 affectione
1431 2018 1513 2052 veri
1531 2025 1634 2058 sunt,
1650 2026 1699 2053 ex

209 2073 269 2103 eo,
283 2063 390 2109 quod
405 2063 612 2108 rejecerint
631 2063 784 2103 Divina,
798 2064 861 2098 vel
875 2065 981 2109 quod
996 2065 1316 2099 confirmaverint
1330 2076 1372 2100 se
1391 2065 1430 2098 in
1445 2064 1571 2105 falsis;
1592 2066 1696 2110 apud

210 2109 284 2145 hos
296 2116 356 2144 est
367 2109 468 2144 sicut
479 2110 750 2144 umbraculum
764 2111 866 2153 inter
877 2111 1004 2145 lucem
1016 2111 1259 2156 spiritualem
1272 2118 1312 2147 et
1324 2112 1453 2146 lucem
1466 2113 1696 2151 naturalem,

209 2156 312 2202 apud
340 2156 485 2192 multos
502 2163 634 2191 tamen
656 2163 716 2191 est
741 2158 1012 2192 umbraculum
1035 2158 1131 2192 illud
1157 2165 1420 2203 transparens.
1472 2158 1588 2193 Nunc
1606 2159 1700 2204 quia

210 2203 331 2246 homo
347 2203 582 2248 quicunque,
600 2203 719 2238 etiam
737 2204 928 2239 sensualis
945 2215 1167 2249 corporeus,
1187 2206 1281 2239 dum
1299 2206 1468 2245 adultus,
1487 2206 1555 2240 tali
1578 2205 1699 2240 facul-

209 2255 292 2284 tate
310 2249 552 2295 intelligendi
580 2250 702 2294 pollet
727 2258 771 2284 ut
796 2251 1131 2296 comprehendere
1150 2252 1273 2297 possit
1292 2252 1357 2286 illa
1377 2263 1478 2298 quae
1507 2252 1580 2287 Dei
1606 2260 1699 2287 sunt

211 2295 304 2330 dum
319 2296 440 2336 audit,
455 2303 523 2331 aut
541 2297 636 2331 dum
652 2297 757 2343 legit,
772 2304 812 2332 et
829 2298 920 2332 dein
936 2298 1125 2333 memoria
1139 2299 1306 2333 retinere
1326 2299 1399 2337 illa,
1415 2306 1454 2334 et
1474 2299 1564 2334 inde
1578 2300 1698 2345 loqui,

210 2342 352 2377 docere
368 2353 414 2377 ac
431 2343 599 2378 scribere
618 2343 692 2383 illa,
712 2344 875 2379 interest
899 2351 944 2379 ut
970 2345 1019 2379 de
1038 2345 1191 2380 Divinis
1211 2345 1425 2380 Attributis
1446 2346 1700 2381 continuetur

210 2399 310 2434 opus
326 2389 428 2424 sicut
446 2389 646 2435 inceptum
665 2398 743 2431 est;
770 2391 834 2425 hic
852 2391 984 2436 itaque
1003 2392 1052 2426 de
1072 2391 1216 2427 Divina
1230 2391 1575 2437 Omnipraesentia
1592 2400 1631 2428 et
1650 2394 1699 2428 de

212 2434 358 2470 Divina
374 2435 670 2476 Omniscientia,
685 2448 734 2472 ne
753 2437 875 2472 homo
893 2449 998 2473 mere
1017 2439 1206 2474 naturalis
1222 2439 1354 2473 trahat
1373 2439 1457 2474 illas
1476 2440 1515 2473 in
1534 2440 1698 2475 dubium

210 2492 335 2528 usque
359 2484 409 2518 ad
436 2484 697 2529 negationem,
719 2495 788 2529 per
818 2485 857 2519 id
891 2486 998 2530 quod
1029 2496 1109 2520 non
1135 2486 1230 2520 velit
1255 2486 1416 2531 aliquod
1444 2486 1632 2521 Divinum
1659 2494 1700 2522 et

211 2528 413 2574 spirituale
431 2529 656 2576 intelligere,
675 2532 783 2576 quod
800 2539 918 2566 vocat
938 2543 1018 2567 non
1037 2543 1163 2577 posse.

283 2648 434 2693 1217.
469 2640 732 2688 “vicentium
751 2642 934 2689 Alleluia,
952 2643 1045 2695 quia
1064 2648 1216 2696 peyna?
1233 2643 1422 2685 Dominus
1446 2645 1555 2685 oeus
1574 2646 1698 2686 omni-

211 2702 588 2755 potens.”—Qu0d
604 2704 828 2756 significet
841 2706 1062 2757 gaudium
1075 2713 1117 2746 et
1129 2706 1367 2754 laetitiam,
1383 2708 1700 2760 quodDomino

213 2774 324 2802 nunc
346 2763 409 2803 sit
428 2778 608 2816 regnum
634 2765 678 2805 in
705 2766 842 2806 terris
864 2767 976 2806 sicut
1004 2767 1049 2806 in
1079 2767 1223 2815 caelis,
1252 2775 1435 2809 constat
1467 2784 1526 2810 ex
1559 2771 1697 2823 signi-

213 2821 421 2874 ficatione
455 2826 733 2875 “Alleluia,'’
765 2829 883 2881 quod
920 2830 976 2869 sit
1013 2843 1106 2870 vox
1143 2829 1482 2882 glorificationis
1514 2831 1696 2872 Domini

214 2896 274 2924 ex
305 2885 470 2938 gaudio
500 2887 651 2927 cordis
676 2899 730 2935 <de
753 2908 818 2936 qua
837 2899 1016 2937 [supra],n.
1043 2900 1160 2941 1197,
1183 2901 1303 2942 1203)
1324 2905 1333 2940 ;
1377 2891 1562 2943 (dicitur
1583 2906 1696 2944 gau-

215 2947 335 2988 dium
357 2955 403 2990 et
429 2949 616 3001 laetitia,
640 2953 741 3005 quia
763 2953 806 2993 in
829 2953 983 2994 Verbo
1004 2954 1282 3007 “gaudium'’
1302 2955 1462 2997 dicitur
1480 2957 1536 2997 de
1559 2957 1694 3006 bono,
