1962 3328
267 316 380 366 2834
681 323 1013 358 APOCALYPSIS
1045 325 1343 356 EXPLICATA.

266 436 493 481 sapientiae,
521 443 560 471 et
590 435 748 472 affectio
775 443 836 472 est
865 436 1020 476 amoris,
1050 437 1087 471 in
1122 437 1245 482 gradu
1272 437 1338 482 qui
1366 443 1529 472 vocatur
1555 437 1754 473 naturalis.

266 483 464 529 Quoniam
493 484 643 518 homini
670 491 731 518 est
757 495 867 518 mens
892 483 1116 528 spiritualis,
1143 491 1183 518 et
1209 484 1325 518 simul
1354 495 1463 519 mens
1491 485 1688 523 naturalis,
1715 491 1755 519 et

267 541 378 565 mens
405 531 490 576 ejus
513 531 726 575 spiritualis
757 538 816 566 est
846 542 964 575 supra
995 538 1168 565 mentem
1197 532 1280 576 ejus
1314 532 1540 571 naturalem,
1569 542 1614 566 ac
1644 542 1755 566 mens

265 578 479 622 spiritualis
498 585 558 612 est
576 578 666 612 talis
685 585 728 611 ut
748 578 872 623 possit
892 578 1033 612 intueri
1061 585 1100 612 et
1126 589 1256 612 amare
1278 589 1370 612 vera
1391 585 1430 612 et
1452 579 1555 613 bona
1581 579 1619 612 in
1646 578 1754 613 omni

264 625 399 670 gradu,
420 624 630 678 conjuncte
652 635 741 659 cum
770 631 902 658 mente
922 625 1100 664 naturali,
1120 631 1160 659 et
1185 623 1380 659 abstracte
1407 626 1454 659 ab
1483 625 1558 665 illa,
1577 625 1755 670 sequitur

265 672 371 716 quod
392 671 578 706 interiora
592 672 774 710 hominis,
790 682 890 716 quae
909 671 1114 716 utriusque
1129 672 1213 716 ejus
1229 671 1371 706 mentis
1389 678 1492 711 sunt,
1508 672 1659 717 possint
1677 672 1755 706 ele-

267 719 346 752 vari
366 720 412 753 ad
439 718 653 753 Dominum
673 729 696 752 a
716 718 900 757 Domino,
920 725 960 752 et
978 719 1165 772 conjungi
1187 718 1284 763 Ipsi;
1313 719 1403 753 inde
1422 726 1482 753 est
1500 719 1606 764 quod
1626 719 1755 754 omnis

264 765 386 800 homo
405 766 512 800 vivat
539 766 577 799 in
600 772 816 799 aeternum.
869 765 958 799 Non
979 765 1034 799 ita
1051 772 1111 799 est
1136 777 1224 799 curn
1243 765 1388 805 bestia;
1421 765 1485 800 illa
1511 777 1590 800 non
1609 766 1755 811 gaudet

264 813 395 857 aliqua
414 819 545 847 mente
563 812 767 857 spirituali,
783 812 851 846 sed
871 813 998 846 solum
1015 812 1203 852 naturali;
1231 812 1320 846 ideo
1340 812 1525 847 interiora
1545 813 1640 858 ejus,
1655 823 1755 858 quae

266 860 394 893 solum
414 866 506 894 sunt
528 859 715 894 scientiae
741 866 781 893 et
806 858 1038 899 affectionis,
1059 870 1137 893 non
1166 866 1332 904 possunt
1357 870 1380 894 a
1408 859 1582 894 Domino
1600 860 1755 898 elevari,

264 914 303 939 et
330 906 518 951 conjungi
548 906 647 951 Ipsi;
678 917 798 951 quare
826 917 903 940 non
930 906 1029 940 vivit
1055 913 1144 950 post
1172 913 1350 940 mortem.
1403 906 1571 941 Ducitur
1595 906 1754 951 quidem

263 953 389 987 bestia
404 964 472 997 per
487 953 678 988 influxum
694 953 891 998 quendam
907 953 1161 997 spiritualem,
1177 953 1383 987 cadentem
1404 953 1441 987 in
1461 953 1632 987 animam
1648 953 1733 998 ejus
1747 965 1754 992 ;

227 1044 230 1046 v
264 1001 332 1034 sed
359 1000 451 1045 quia
476 1000 679 1045 spirituale
698 1000 783 1044 ejus
811 1011 888 1034 non
917 999 1058 1034 elevari
1086 1007 1229 1044 potest,
1250 1011 1327 1034 non
1357 1006 1488 1044 potest
1506 1000 1619 1034 aliter
1636 1011 1754 1045 quam

264 1054 308 1080 ut
328 1047 366 1080 id
381 1047 668 1081 determinetur
682 1047 878 1086 deorsum,
894 1053 933 1081 et
947 1046 1124 1091 speetare
1137 1047 1187 1081 ad
1205 1047 1301 1081 talia
1314 1058 1414 1092 quae
1428 1054 1521 1081 sunt
1535 1045 1755 1081 affeffionis

264 1094 360 1139 ejus,
379 1105 479 1139 quae
499 1095 619 1128 modo
637 1105 679 1128 se
698 1094 872 1128 referunt
898 1094 947 1128 ad
975 1094 1040 1128 illa
1057 1104 1156 1139 quae
1176 1100 1268 1128 sunt
1286 1093 1525 1134 nutritionis,
1545 1093 1756 1128 habitatio-

265 1141 335 1179 nis,
356 1148 395 1175 et
423 1141 730 1186 propagationis,
751 1148 790 1175 et
816 1152 864 1175 ex
890 1140 1055 1175 scientia
1076 1139 1297 1175 affectionis
1315 1151 1408 1175 suae
1429 1151 1667 1186 cognoscere
1691 1140 1757 1174 illa

265 1188 397 1223 medio
430 1189 527 1227 visu,
550 1188 671 1222 odore
698 1195 738 1222 et
763 1195 892 1233 gustu.
944 1187 1140 1233 Quoniam
1169 1188 1290 1222 homo
1315 1199 1363 1221 ex
1389 1194 1521 1222 mente
1548 1198 1618 1222 sua
1643 1187 1755 1232 spiri-

265 1235 362 1269 tuali
382 1242 513 1280 potest
534 1235 780 1269 rationaliter
797 1235 983 1280 cogitare,
1004 1235 1093 1269 ideo
1111 1235 1230 1269 etiam
1250 1241 1383 1279 potest
1401 1234 1520 1279 loqui,
1536 1245 1626 1268 nam
1645 1234 1754 1279 loqui

265 1289 325 1316 est
339 1282 592 1327 cogitationis
607 1293 655 1316 ex
671 1281 885 1320 intellefftm
901 1282 967 1327 qui
984 1288 1116 1326 potest
1130 1282 1264 1316 videre
1278 1292 1370 1316 vera
1386 1281 1422 1314 in
1440 1282 1527 1315 luce
1541 1281 1733 1326 spirituali
1748 1293 1755 1320 ;

264 1329 391 1363 bestia
408 1335 552 1368 autem,
571 1329 632 1363 cui
661 1340 740 1363 non
768 1335 828 1363 est
853 1329 984 1374 aliqua
1009 1329 1199 1373 cogitatio
1226 1339 1274 1363 ex
1301 1327 1515 1367 intellectu,
1539 1328 1607 1362 sed
1635 1328 1755 1362 modo

265 1376 430 1410 scientia
456 1387 503 1410 ex
529 1375 749 1415 affectione,
770 1387 848 1410 non
877 1382 1008 1420 potest
1027 1375 1101 1409 nisi
1125 1386 1243 1421 quarn
1261 1386 1411 1414 sonare,
1430 1386 1476 1409 ac
1502 1385 1642 1410 sonum
1662 1385 1755 1409 suae

265 1422 486 1458 affectionis
504 1423 654 1457 variare
672 1423 890 1458 secundum
905 1422 1116 1468 appetitus.

335 1548 501 1590 1203.
523 1548 628 1586 [Vm.
643 1548 686 1586 3-]
705 1537 782 1576 “ft
792 1537 971 1577 secundo
984 1536 1184 1583 dixerunt,
1197 1535 1596 1588 Alleluia.''—Quod
1615 1535 1753 1588 signi-

265 1604 370 1645 ficet
398 1603 614 1656 gandium
644 1609 686 1643 et
716 1603 930 1643 laetitiam
958 1602 1211 1655 angelorum
1237 1602 1498 1653 inferiorum
1523 1601 1752 1649 caelorum,

263 1674 305 1707 et
329 1665 695 1720 glorificationem
720 1665 902 1706 Domini
922 1671 1041 1717 prop
1051 1671 1118 1705 ter
1144 1665 1444 1704 liberationem
1474 1664 1528 1704 ab
1561 1663 1654 1704 illis
1682 1663 1762 1716 qui

259 1736 344 1782 per
377 1729 708 1781 “Babylonem''
739 1735 780 1769 et
809 1735 893 1780 per
928 1728 1128 1768 “bestias
1164 1728 1368 1768 draconis
1381 1727 1399 1742 '’
1430 1727 1752 1780 significantur,

265 1797 479 1830 constare
502 1796 657 1843 potest
680 1804 738 1829 ex
761 1790 848 1829 illis
872 1803 986 1842 quae
1009 1803 1142 1841 supra
1169 1800 1213 1836 (n.
1237 1798 1353 1840 1195.
1376 1788 1497 1840 1196)
1519 1788 1755 1840 explicata

265 1859 394 1896 sunt„
449 1851 581 1904 Quod
619 1852 677 1891 sit
715 1851 943 1904 gaudium,
978 1850 1154 1890 laetitia
1186 1857 1232 1890 et
1264 1849 1534 1902 glorificatio
1573 1849 1755 1888 Domini
1812 1861 1815 1867 ·

264 1916 322 1955 ab
344 1914 520 1966 angelis
543 1913 796 1954 inferiorum
820 1913 1062 1960 caelorum,
1083 1919 1151 1953 est
1174 1913 1275 1966 quia
1298 1913 1458 1952 dicitur
1479 1911 1754 1958 “secund0,''

265 1986 311 2019 et
350 1979 452 2031 quia
489 1978 688 2030 sequitur
719 1977 775 2017 de
810 1977 967 2016 “fumo
999 1989 1151 2016 eorum
1184 1976 1462 2015 ascendente
1494 1975 1537 2014 in
1574 1974 1754 2015 saecula

265 2040 585 2088 saeculorum,’'
604 2046 648 2080 et
673 2054 731 2080 ex
754 2053 808 2079 eo
826 2039 945 2092 quod
964 2037 1314 2091 glorificationes
1334 2038 1515 2078 Domini
1538 2037 1753 2077 incohent

265 2104 322 2144 ab
359 2103 533 2156 angelis
566 2104 841 2155 superiorum
875 2102 1116 2149 caelorum,
1150 2115 1201 2141 ac
1240 2107 1433 2154 pergant
1470 2100 1527 2140 ad
1564 2099 1754 2152 angelos

264 2167 517 2207 inferiorum
543 2166 768 2206 caelorum
787 2179 794 2205 :
829 2165 949 2218 quod
969 2163 1239 2204 “Alleluia”
1257 2162 1479 2216 significet
1503 2162 1683 2203 laudem
1706 2169 1753 2203 et

264 2228 661 2282 glorificationem,
685 2227 893 2266 videatur
918 2239 1054 2278 supra
1079 2236 1124 2274 (n.
1141 2225 1319 2277 [¹³1197).

265 2335 462 2360 (communem)
502 2363 574 2406 [DE
600 2367 744 2395 REGNO
772 2366 1032 2394 VEGETABILI
1061 2366 1112 2392 ET
1139 2365 1195 2391 DE
1221 2364 1320 2398 EJUS
1346 2355 1517 2400 ANIMA.]

334 2438 450 2473 Nunc
469 2438 618 2483 aliquid
635 2439 788 2473 dicetur
806 2439 855 2473 de
876 2438 1015 2483 Regno
1029 2437 1260 2490 Vegetabili,
1276 2444 1315 2471 et
1334 2437 1382 2471 de
1401 2436 1486 2481 ejus
1504 2445 1636 2470 anima
1653 2445 1755 2480 quae

262 2492 427 2520 vocatur
442 2485 587 2519 Anima
602 2485 847 2538 Vegetativa.
898 2484 1016 2530 Quod
1035 2484 1154 2518 etiam
1170 2484 1266 2518 haec
1280 2484 1331 2518 sit
1345 2482 1569 2528 spiritualis,
1582 2482 1757 2516 nescitur

267 2531 306 2565 in
321 2533 481 2566 mundo.
527 2532 602 2566 Per
611 2532 782 2566 animam
793 2531 1058 2584 vegetativam
1073 2531 1306 2584 intelligitur
1317 2538 1483 2566 conatus
1495 2538 1535 2566 et
1547 2531 1655 2566 nisus
1668 2543 1756 2576 pro-

267 2579 437 2612 ducendi
457 2579 675 2632 vegetabile
694 2589 716 2612 a
737 2579 886 2612 semine
905 2578 1150 2623 progressive
1169 2589 1293 2622 usque
1311 2578 1360 2612 ad
1387 2578 1548 2618 semina,
1567 2585 1607 2613 et
1628 2589 1697 2623 per
1716 2579 1754 2612 id

267 2625 554 2679 multiplicandi
570 2637 610 2660 se
627 2627 663 2659 in
681 2625 888 2663 infinitum,
901 2635 946 2659 ac
960 2624 1202 2677 propagandi
1215 2635 1256 2659 se
1271 2625 1309 2658 in
1320 2631 1543 2664 aeternum;
1570 2631 1631 2660 est
1649 2625 1753 2660 enim

267 2672 368 2706 sicut
392 2673 479 2707 idea
501 2669 643 2706 infiniti
669 2683 715 2706 ac
741 2672 888 2706 aeterni
917 2671 955 2705 in
982 2672 1089 2706 omni
1111 2671 1340 2716 vegetabili;
1368 2683 1457 2705 nam
1476 2683 1598 2706 unum
1620 2683 1754 2724 semen

268 2730 337 2764 per
362 2726 513 2753 certum
536 2730 729 2753 annorum
750 2730 955 2752 numerum
975 2717 1225 2771 multiplicari
1254 2725 1385 2771 potest
1411 2725 1455 2752 ut
1482 2718 1643 2763 impleat
1669 2718 1755 2753 uni-

265 2777 418 2800 versam
444 2767 636 2805 tellurem,
656 2773 695 2800 et
721 2776 879 2810 quoque
900 2765 1106 2810 propagari
1132 2776 1155 2798 a
1180 2765 1328 2799 semine
1355 2765 1403 2799 ad
1430 2765 1580 2800 semina
1605 2766 1752 2810 absque

266 2812 362 2847 fine:
390 2813 465 2847 hoc
486 2824 563 2846 una
585 2824 674 2847 eum
697 2812 863 2846 mirabili
883 2811 1156 2857 progressione
1177 2812 1377 2846 crescendi
1400 2822 1423 2846 a
1449 2812 1578 2846 radice
1599 2812 1638 2846 in
1665 2823 1752 2857 ger·
1812 2812 1815 2813 ⁷

267 2870 367 2898 men,
395 2860 486 2894 dein
514 2860 552 2893 in
579 2860 740 2898 caulem,
767 2866 852 2893 turn
881 2859 919 2892 in
946 2869 1083 2898 ramos,
1107 2857 1210 2897 folia,
1233 2858 1358 2897 flores,
1381 2857 1540 2898 fructus,
1562 2869 1685 2904 usque
1714 2859 1751 2892 in

266 2916 370 2940 nova
399 2906 558 2945 semina,
586 2917 665 2940 non
696 2912 756 2940 est
786 2905 973 2945 naturale,
1001 2905 1068 2940 sed
1096 2911 1155 2939 est
1180 2905 1403 2949 spirituale:
1437 2905 1618 2940 similiter
1643 2905 1751 2950 quod

264 2953 501 2999 vegetabilia
527 2953 565 2987 in
593 2953 726 2987 multis
746 2952 913 2987 reserant
931 2952 1024 2987 talia
1049 2962 1148 2997 quae
1172 2952 1350 2987 animalis
1373 2952 1480 2997 regni
1508 2958 1619 2992 sunt;
1649 2952 1750 2987 sicut

1942 2891 1962 2992 *⁴¹*··.··’
1946 2517 1962 2857 WW·‘M·-*=.2»....a.jev,m
1954 2421 1962 2495 .<.....
1958 2376 1962 2400 ..
1957 2350 1960 2354 ‹
1958 2315 1962 2319 .
1960 2263 1962 2266 .
1960 2239 1962 2242 i
1952 2212 1962 2215 ξ

1925 3223 1962 3328 [hv-{UA
1942 3199 1951 3211 v.
1935 3070 1962 3190 athi-*133*
1936 3045 1962 3053 ‚⁵
1955 3012 1962 3017 =
