1962 3328
224 250 249 290 8
638 257 971 290 APOCALYPSIS
1002 258 1305 295 EXPLICATA‚

223 372 358 413 vitae.
420 371 495 412 Ex
527 371 594 411 his
621 384 796 424 quoque
823 371 1036 424 sequitur,
1063 370 1183 424 quod
1210 371 1448 425 conceptio
1473 371 1666 414 hominis
1691 387 1716 415 a

223 441 353 488 patre
384 448 474 475 non
506 435 563 475 sit
595 434 744 488 aliqua
769 434 1008 487 conceptio
1038 434 1173 482 vitae,
1202 434 1281 474 sed
1314 434 1450 475 modo
1477 436 1717 489 conceptio

224 499 393 551 primae
419 511 470 538 ac
498 498 759 551 purissimae
785 497 953 538 formae
978 496 1265 550 receptabilis
1291 497 1425 546 vitae,
1454 498 1523 538 cui
1548 505 1596 540 ut
1622 505 1715 540 sta-

224 562 330 602 mini
361 567 438 602 aut
471 561 754 601 initiamento
785 560 828 599 in
861 565 990 600 utero
1021 561 1302 601 successivae
1327 559 1585 602 acceduntffl
1612 562 1715 603 sub—

224 625 420 666 stantiae
446 630 492 665 et
515 623 744 671 materiae,
767 623 811 663 in
837 622 987 663 formis
1013 623 1068 663 ad
1095 624 1402 676 receptionem
1425 624 1545 666 vitae
1570 625 1615 665 in
1636 638 1717 666 suo

223 688 379 729 ordine
410 693 456 728 et
488 688 531 727 in
563 701 643 727 suo
675 686 817 739 gradu
848 686 1090 739 adaptatis,
1118 700 1256 740 usque
1282 687 1339 727 ad
1371 686 1576 729 ultimam
1602 701 1716 742 quae

224 751 367 792 modis
394 757 580 792 naturae
606 749 759 790 mundi
785 749 1038 803 adaequata
1064 755 1146 790 est.

936 1048 1018 1089 III.

263 1175 412 1230 QUOD
439 1185 574 1225 VITA,
603 1185 739 1226 QUAE
765 1185 856 1218 EST
883 1177 1098 1219 DIVINUS
1125 1186 1284 1226 AMOR,
1313 1186 1390 1218 SIT
1417 1185 1470 1217 ΙΝ
1498 1185 1688 1218 FORMA.

307 1303 493 1344 Divinus
511 1316 649 1351 amor,
669 1303 742 1356 qui
764 1309 832 1343 est
855 1303 950 1356 ipsa
966 1303 1072 1351 vita,
1093 1316 1183 1343 non
1205 1309 1274 1344 est
1297 1302 1557 1356 simpliciter
1573 1316 1712 1351 amor,

223 1367 301 1408 sed
319 1372 388 1407 est
408 1366 619 1407 Divinum
642 1365 916 1419 procedens;
950 1372 995 1406 et
1019 1366 1231 1406 Divinum
1253 1366 1502 1420 procedens
1520 1371 1588 1407 est
1612 1366 1713 1419 Ipse

223 1430 456 1471 Dominus.
517 1429 603 1470 Est
620 1428 799 1482 quidem
820 1428 1039 1470 Dominus
1057 1430 1100 1469 in
1124 1428 1229 1470 Sole
1247 1429 1319 1483 qui
1337 1435 1523 1482 apparet
1540 1427 1713 1482 angelis

222 1495 265 1534 in
283 1492 433 1542 caelis,
453 1506 512 1534 ex
530 1506 618 1546 quo
640 1491 844 1546 procedit
862 1505 988 1532 amor
1005 1499 1052 1532 ut
1071 1492 1206 1541 calor,
1227 1506 1277 1533 ac
1297 1492 1518 1546 sapientia
1535 1498 1583 1533 ut
1606 1491 1684 1532 lux
1703 1506 1712 1542 ;

222 1557 301 1598 sed
327 1570 466 1610 usque
488 1569 614 1596 amor
635 1568 735 1596 cum
758 1556 978 1608 sapientia
1000 1562 1069 1596 est
1096 1557 1231 1597 etiam
1256 1556 1358 1609 Ipse
1380 1561 1512 1596 extra
1533 1554 1711 1605 Solem;

223 1621 438 1661 distantia
470 1625 539 1659 est
572 1618 709 1659 modo
742 1619 1020 1672 apparentia,
1054 1632 1158 1659 nam
1192 1619 1404 1658 Divinum
1436 1631 1525 1658 non
1563 1624 1632 1659 est
1668 1618 1712 1658 in

223 1684 383 1737 spatio,
412 1682 490 1723 sed
523 1687 592 1722 est
623 1681 859 1738 indistans,
887 1688 936 1722 ut
968 1695 1101 1735 supra
1127 1680 1294 1722 dictum
1322 1687 1404 1721 est.
1467 1679 1600 1733 Quod
1632 1694 1710 1734 ap-

223 1752 379 1801 pareat
406 1746 622 1786 distantia
653 1750 722 1785 est
754 1745 856 1798 quia
883 1745 1071 1785 Divinus
1097 1758 1236 1792 amor,
1264 1744 1407 1797 qualis
1439 1751 1508 1784 est
1540 1744 1584 1784 in
1617 1743 1711 1784 Do-

222 1810 356 1857 mino,
390 1822 480 1849 non
513 1814 666 1861 potest
698 1808 755 1848 ab
785 1807 877 1848 ullo
909 1807 1074 1860 angelo
1106 1809 1255 1860 recipi,
1291 1821 1394 1847 nam
1428 1813 1712 1848 consumeret

221 1870 321 1911 illos
339 1884 351 1920 ;«
381 1877 449 1910 θεῖ
468 1871 586 1911 enim
605 1871 647 1910 in
666 1884 714 1910 se
732 1871 959 1911 ardentior
977 1884 1110 1924 quam
1129 1877 1198 1910 est
1221 1871 1336 1923 ignis
1358 1871 1401 1910 in
1420 1869 1514 1910 sole
1532 1869 1685 1910 mundi
1702 1883 1711 1920 ;

222 1947 357 1987 quare
380 1933 454 1974 ille
477 1947 554 1986 per
576 1933 772 1974 infinitas
791 1933 1214 1974 circumvolutiones
1233 1934 1484 1974 successive
1506 1932 1711 1973 diminui·

221 2003 305 2045 tur,
334 1999 472 2050 usque
499 1997 603 2036 dum
631 2002 909 2050 temperatus
942 2003 987 2037 et
1019 1997 1391 2037 accommodatus
1418 1997 1622 2049 pervenit
1653 1996 1709 2036 ad

222 2059 424 2112 angelos,
449 2061 521 2112 qui
548 2066 781 2113 praeterea
803 2060 926 2100 tenui
949 2060 1066 2100 nube
1089 2059 1370 2108 obvelantur‚
1395 2073 1451 2100 ne
1473 2059 1530 2099 ab
1551 2059 1710 2099 ardore

223 2122 313 2175 ejus
331 2122 578 2163 laedantur.
642 2122 768 2164 Haec
787 2136 921 2163 causa
938 2129 1007 2163 est
1030 2123 1319 2176 apparentiae
1338 2123 1452 2163 sicut
1470 2122 1712 2163 distantiae

222 2187 338 2227 inter
365 2185 609 2226 Dominum
636 2192 684 2226 ut
717 2184 869 2226 Solem
901 2192 947 2226 et
979 2186 1096 2226 inter
1122 2185 1295 2226 caelum
1323 2186 1394 2225 ubi
1427 2184 1608 2238 angeli3
1642 2191 1711 2226 est

222 2262 359 2302 usque
392 2248 495 2302 Ipse
524 2249 744 2289 Dominus
776 2262 987 2302 praesens
1019 2250 1062 2289 in
1096 2248 1235 2297 caelo,
1264 2249 1342 2289 sed
1374 2249 1624 2302 adaequate
1654 2248 1711 2288 ad

224 2312 543 2365 receptionem.
606 2312 864 2352 Praesentia
892 2312 1073 2353 Domini
1100 2326 1182 2352 nec
1210 2318 1279 2352 est
1312 2312 1425 2352 sicut
1457 2312 1711 2365 praesentia

221 2375 413 2415 hominis
439 2375 511 2428 qui
538 2375 731 2427 spatium
757 2374 928 2428 implet,
956 2375 1035 2416 sed
1062 2375 1315 2428 praesentia
1341 2374 1510 2427 absque
1536 2374 1709 2427 spatio;

227 2451 340 2491 quae
366 2444 435 2478 est
462 2438 581 2491 quod
614 2438 672 2478 sit
703 2438 748 2478 in
780 2438 989 2478 maximis
1021 2445 1067 2478 et
1099 2438 1304 2486 minimis,
1333 2438 1396 2478 ita
1426 2438 1469 2478 in
1501 2437 1710 2477 maximis

225 2501 340 2555 Ipse,
364 2507 410 2541 et
432 2501 475 2540 in
499 2501 691 2541 minimis
714 2501 829 2554 Ipse.
891 2500 993 2542 Scio
1016 2501 1133 2554 quod
1157 2501 1241 2541 hoc
1265 2513 1399 2553 aegre
1422 2501 1564 2554 possit
1586 2513 1709 2541 com·

224 2563 440 2617 prehendi
476 2564 533 2603 ab
569 2564 763 2612 homine,
797 2564 900 2618 quia
931 2564 1006 2605 ille
1042 2564 1098 2604 ab
1134 2563 1243 2604 ideis
1281 2577 1386 2604 suae
1419 2563 1711 2616 cogitationis

224 2640 357 2688 aegre
383 2633 535 2680 potest
561 2640 792 2668 removere
818 2628 989 2680 spatia;
1022 2627 1100 2667 sed
1128 2633 1279 2680 potest
1307 2626 1628 2697 comprehendi
1653 2626 1710 2666 ab

224 2683 411 2743 angelis,
444 2690 487 2730 in
520 2703 706 2743 quorum
732 2690 842 2730 ideis
874 2689 996 2730 nulla
1022 2696 1125 2730 sunt
1157 2690 1327 2742 spatia;
1370 2690 1413 2729 in
1445 2682 1531 2730 hoc
1564 2688 1709 2730 differt

159 2802 161 2805 Ι
224 2752 444 2805 cogitatio
481 2752 720 2806 spiritualis
760 2766 786 2793 a
826 2753 1106 2806 cogitatione
1143 2751 1345 2792 naturali.
1408 2751 1520 2793 Cum
1559 2751 1709 2805 itaque

226 2829 350 2856 amor
382 2816 631 2869 procedens
662 2829 688 2856 a
719 2815 916 2856 Domino
948 2822 996 2856 ut
1029 2814 1133 2856 Sole
1166 2822 1235 2856 est
1268 2815 1370 2868 Ipse
1403 2814 1635 2863 Dominus,
1662 2820 1708 2855 et

224 2878 298 2919 ille
323 2892 448 2919 amor
474 2885 542 2920 est
569 2879 665 2932 ipsa
690 2879 796 2927 vita,
820 2879 1108 2932 consequitur
1130 2878 1248 2932 quod
1275 2879 1369 2931 ipse
1391 2891 1516 2918 amor
1537 2878 1610 2931 qui
1636 2883 1706 2918 est
