1962 3328
311 285 420 326 2688
731 297 1060 332 APOCALYPSIS
1092 300 1385 334 EXPLICATA.

307 409 583 460 masadam
599 416 678 458 est,
699 417 883 452 constat
902 425 960 452 ex
980 413 1271 466 sequentibus
1290 415 1332 455 in
1353 414 1438 456 hoc
1458 417 1620 469 capite,
1641 431 1802 472 nempe

306 471 365 511 ab
406 471 744 513 exclamatione
786 475 937 527 angeli
979 477 1051 528 qui
1093 476 1394 518 descenderat
1437 493 1459 518 e
1502 480 1642 527 caelo,
1683 482 1802 534 quod

307 533 514 586 Babylon
535 549 702 587 magna
721 537 950 586 ceciderit,
967 544 1012 578 et
1033 537 1149 579 facta
1167 540 1224 579 sit
1247 544 1271 559 “
1285 540 1594 582 habitaculum
1614 543 1801 584 daemo-

305 597 493 646 niorum,
529 599 735 639 custodia
767 601 913 640 omnis
954 602 1135 653 spiritus
1176 603 1408 652 immundi,
1449 612 1494 644 et
1528 607 1673 646 omnis
1707 609 1800 648 avis

305 660 565 701 immundae
584 668 630 702 et
655 663 856 703 exosae’‘
877 662 1032 716 [(vers.
1054 664 1119 718 2)]
1143 679 1152 715 ;
1185 679 1263 718 per
1281 681 1393 719 quae
1417 668 1685 721 intelligitur
1703 671 1799 710 exi-

305 724 416 763 tium
440 724 547 776 ejus,
569 725 631 764 ita
655 725 862 766 ultimum
877 726 1091 779 judicium
1112 741 1120 768 :
1151 735 1246 769 tum
1270 743 1328 779 ex
1353 733 1659 784 sequentibus,
1680 734 1798 786 quod

304 788 516 827 steterint
537 802 560 828 e
580 787 829 841 longinquo
847 796 1032 842 propter
1050 792 1259 832 timorem
1278 794 1501 834 cruciatus
1520 794 1626 846 ejus,
1644 796 1797 836 dicen-
1830 791 1834 794 ’

303 855 387 898 tes,
416 854 440 870 “
458 850 570 898 Vae,
599 865 695 899 vae,
725 852 827 892 urbs
855 866 1034 905 magna,
1061 854 1283 906 Babylon,
1309 856 1411 896 urbs
1438 857 1601 906 valida,
1627 859 1728 912 quia
1754 860 1797 899 in

304 925 391 951 una
417 912 528 953 hora
554 914 679 954 venit
701 913 915 966 judicium
939 915 1031 968 ejus
1044 916 1062 930 ”
1089 915 1222 969 (vers.
1253 929 1313 965 10,
1345 928 1406 971 15,
1437 919 1498 968 16,
1525 920 1621 974 19);
1660 928 1706 962 et
1738 927 1796 962 ex'

301 974 493 1028 reliquis.
557 975 675 1028 Quid
699 984 851 1017 autem
876 978 1110 1031 posthaec,
1136 993 1299 1033 nempe
1322 989 1424 1034 post
1449 982 1656 1023 ultimum
1679 983 1795 1036 judi-

301 1038 417 1078 cium
442 1053 573 1091 super
595 1039 711 1087 illos,
736 1039 827 1088 fiet,
849 1041 892 1080 in
916 1041 1001 1082 hoc
1026 1043 1175 1095 capite
1199 1051 1501 1095 memoratur;
1536 1060 1650 1099 quae
1673 1054 1793 1093 sunt,

300 1102 419 1154 quod
435 1101 694 1154 religiosum
711 1103 889 1143 illorum
906 1118 1086 1157 prorsus
1102 1106 1492 1156 condemnabitur,
1508 1122 1589 1149 nec
1607 1123 1794 1162 usquam

300 1165 343 1204 in
386 1171 622 1205 aeternum
664 1173 883 1219 resurget.
946 1166 1035 1207 Sed
1074 1167 1184 1209 haec
1228 1170 1291 1209 ita
1333 1170 1632 1223 intelligenda
1673 1179 1791 1218 sunt,

300 1227 419 1280 quod
447 1227 557 1267 illud
584 1229 764 1280 quidem
791 1230 834 1268 in
863 1230 1031 1270 mundo
1055 1231 1315 1272 duraturum
1339 1239 1423 1280 est,
1448 1247 1506 1273 ex
1534 1247 1669 1274 causa
1692 1236 1794 1288 quia

300 1303 426 1330 amor
444 1291 692 1343 imperandi
712 1293 851 1340 cuivis
869 1293 932 1332 ita
951 1293 1110 1333 insitus
1129 1301 1198 1334 est
1219 1302 1265 1334 ut
1282 1309 1371 1335 non
1389 1296 1603 1337 eradicari
1622 1299 1764 1350 possit
1783 1313 1791 1346 ;

299 1360 345 1393 et
372 1355 585 1406 quamdiu
612 1354 686 1394 ille
709 1368 835 1394 amor
858 1356 989 1404 inest,
1015 1369 1106 1396 non
1130 1357 1343 1410 possibile
1365 1365 1435 1398 est
1460 1366 1507 1399 ut
1531 1359 1790 1412 religiosum

253 1420 255 1423 '
298 1415 407 1456 illud
432 1417 475 1456 in
503 1417 672 1457 mundo
698 1417 832 1458 finem
855 1418 1050 1469 habeat;
1084 1420 1163 1459 sed
1188 1434 1326 1474 usque
1350 1422 1394 1460 in
1421 1423 1589 1462 mundo
1611 1424 1791 1475 spiritu-

296 1478 369 1526 ali,
394 1480 437 1519 in
461 1493 594 1532 quem
618 1482 764 1520 omnis
787 1481 925 1522 homo
947 1489 1051 1535 post
1076 1490 1269 1523 mortem
1292 1485 1432 1531 venit,
1453 1485 1587 1525 finem
1610 1486 1790 1526 habitu—

296 1555 392 1582 rum
425 1550 521 1592 est;
562 1549 668 1583 tunc
702 1545 820 1584 enim
854 1558 1011 1585 omnes
1043 1546 1115 1599 qui
1148 1560 1206 1586 ex
1239 1546 1316 1586 illo
1348 1547 1561 1600 religioso
1593 1555 1711 1594 sunt,
1743 1555 1788 1589 et

295 1606 654 1648 dominationem
687 1622 745 1648 ex
765 1607 963 1660 jucundo
995 1610 1159 1650 amoris
1192 1611 1440 1663 imperandi
1472 1619 1787 1660 exercuerunt,

297 1682 386 1709 non
420 1677 468 1710 ut
501 1671 620 1723 prius
648 1671 729 1710 sibi
757 1672 871 1712 sicut
899 1671 1050 1712 caelos
1076 1673 1119 1712 in
1147 1674 1315 1713 mundo
1342 1675 1590 1727 spirituum,
1619 1676 1691 1728 qui
1718 1682 1787 1716 est

295 1734 468 1774 medius
494 1734 612 1774 inter
635 1733 810 1774 caelum
827 1725 875 1774 ‘et
899 1735 1131 1783 infernum,
1152 1735 1335 1785 faciunt,
1353 1743 1398 1777 et
1422 1738 1481 1777 ibi
1499 1739 1646 1790 quoad
1670 1745 1786 1778 tem·-

293 1810 374 1849 pus
398 1804 764 1847 commorantur;
793 1797 871 1837 sed
896 1804 944 1837 ut
972 1798 1163 1850 primum
1190 1799 1380 1848 alluunt,
1410 1801 1713 1841 amandantur
1738 1808 1784 1842 et

293 1859 591 1911 conjiciuntur
618 1860 660 1899 in
694 1874 773 1900 sua
804 1861 999 1901 inferna:
1045 1860 1130 1901 hoc
1159 1861 1428 1915 intelligitur
1455 1877 1533 1915 per
1558 1864 1786 1904 “exitium

294 1921 505 1962 Babelis'‘
524 1936 614 1962 non
639 1923 776 1963 modo
799 1923 869 1963 hic
894 1924 937 1963 in
959 1923 1245 1976 Apocalypsi,
1267 1925 1345 1965 sed
1369 1927 1507 1966 etiam
1530 1927 1648 1979 apud
1670 1926 1786 1967 Pro-

285 1984 447 2036 phetas
484 1986 527 2024 in
566 1985 719 2025 multis
758 1985 868 2026 locis
906 1985 1198 2039 praedictum.
1257 1986 1482 2040 Quoniam
1519 1988 1787 2041 Babylonici

291 2054 571 2100 potestatem
588 2048 771 2088 Domini
790 2063 921 2102 super
937 2049 1111 2090 caelum
1130 2057 1175 2091 et
1195 2051 1434 2091 ecclesiam
1454 2052 1783 2093 transtulerunt

290 2112 333 2151 in
370 2111 632 2164 pontificem
671 2113 919 2152 maXImum
957 2112 1149 2161 illorum,
1185 2127 1317 2167 quem
1349 2121 1517 2155 vocant
1550 2127 1783 2156 successo-

289 2187 383 2214 rem
418 2174 551 2222 Petri,
578 2181 623 2214 et
657 2175 761 2215 inde
792 2176 1004 2215 vicarium
1039 2175 1234 2224 Domini,
1264 2177 1468 2217 dicentes
1500 2184 1782 2230 potestatem

291 2251 425 2290 super
447 2237 623 2278 caelum
647 2244 692 2278 et
717 2239 936 2278 infernum
964 2252 989 2278 a
1016 2238 1214 2279 Domino
1237 2240 1279 2278 in
1308 2240 1489 2280 Petrum
1513 2241 1782 2282 translatam

289 2313 402 2348 esse,
432 2313 483 2340 ac
516 2300 640 2340 illam
673 2314 763 2341 non
791 2301 924 2341 fuisse
952 2301 1163 2341 Divinam
1191 2302 1386 2350 Domini,
1415 2303 1494 2343 sed
1523 2300 1781 2345 Humanam

289 2362 433 2415 Ipsius
460 2377 518 2403 ex
548 2363 647 2403 Deo
674 2364 807 2404 Patre
836 2364 924 2417 Ipsi
951 2364 1120 2413 datam,
1146 2364 1280 2405 velim
1308 2366 1351 2404 in
1378 2365 1465 2406 fine
1490 2366 1779 2417 articulorum

287 2425 416 2478 hujus
435 2427 596 2479 capitis
620 2427 861 2467 ostendere
879 2427 998 2479 quod
1022 2427 1242 2467 Dominus
1269 2429 1407 2468 etiam
1431 2429 1579 2481 quoad
1604 2429 1777 2470 Huma-

287 2501 392 2528 num
411 2502 538 2529 suum
556 2490 685 2530 fuerit
707 2490 843 2537 Deus,
863 2489 948 2529 hoc
968 2496 1051 2537 est,
1068 2490 1187 2543 quod
1209 2490 1468 2531 Humanum
1489 2491 1632 2545 Ipsius
1650 2493 1779 2535 suerit

287 2550 527 2602 Divinum;
561 2566 619 2592 ex
647 2566 735 2605 quo
758 2553 956 2605 sequitur
979 2553 1098 2605 quod
1123 2551 1388 2605 Babylonici
1416 2555 1458 2593 in
1482 2554 1621 2603 illum,
1646 2570 1777 2609 quem

285 2621 452 2655 vocant
471 2616 684 2656 vicarium
709 2616 904 2664 Domini,
927 2615 1136 2655 Divinam
1156 2623 1436 2668 potestatem
1461 2618 1604 2671 Ipsius
1629 2625 1777 2660 trans-

285 2677 487 2725 tulerint,
522 2684 567 2718 et
605 2679 666 2718 sic
700 2678 818 2731 quod
851 2678 976 2718 illum
1008 2678 1195 2719 fecerint
1229 2679 1374 2719 Deum
1407 2693 1540 2733 super
1568 2688 1701 2731 terra,
1730 2690 1777 2724 et

285 2740 405 2793 quod
438 2740 513 2781 ille
546 2741 775 2781 ministros
807 2754 911 2781 suos
943 2740 1097 2782 fecerit
1131 2742 1327 2790 numina,
1347 2743 1466 2796 quod
1499 2757 1589 2784 non
1621 2752 1776 2797 potest

285 2816 375 2843 non
399 2803 673 2843 horrendum
692 2818 803 2844 esse.
860 2804 1053 2844 Primum
1073 2818 1189 2844 nunc
1214 2805 1256 2844 in
1281 2804 1366 2846 fine
1384 2806 1674 2847 articulorum
1693 2809 1774 2848 sub

283 2879 478 2906 examen
506 2867 713 2907 mittetur
739 2864 989 2907 doctrinale
1017 2867 1072 2907 de
1105 2867 1331 2908 Trinitate
1363 2870 1406 2908 in
1434 2870 1640 2910 universo
1666 2871 1773 2911 orbe

283 2927 544 2969 Christiano
563 2935 810 2982 receptum,
827 2929 946 2983 quod
966 2928 1231 2982 Symbolum
1251 2930 1509 2980 Athanasii,
1523 2938 1618 2972 tum
1638 2932 1772 2973 Fides
