1962 3328
273 254 386 300 2520
849 257 1192 292 APOCALYPSIS.

697 707 1058 770 CAPUT
1145 709 1362 771 XVI.

494 1054 685 1106 septem
704 1044 905 1108 angelis,
926 1046 997 1093 Ite
1017 1056 1067 1092 et
1087 1046 1318 1094 effundite
1338 1045 1521 1109 phialas
1546 1047 1643 1094 irae
1669 1048 1766 1095 Dei

496 1121 542 1167 in
567 1131 761 1168 terram.

345 1212 386 1242 2.
436 1197 499 1243 Et
523 1197 675 1244 abivit
699 1198 894 1260 primus,
921 1209 970 1245 et
1005 1198 1176 1246 effudit
1199 1199 1410 1262 phialem
1447 1217 1586 1247 suam
1622 1217 1768 1263 super

273 1280 469 1326 terram,
497 1284 546 1320 et
570 1272 749 1320 sactum
788 1285 862 1321 est
900 1274 1035 1322 ulcus
1074 1274 1253 1322 malum
1280 1286 1329 1323 et
1354 1276 1556 1323 noxium
1593 1277 1640 1323 in
1677 1276 1763 1324 ho-

274 1347 484 1395 minibus
518 1349 806 1397 habentibus
836 1349 1163 1399 characterem
1193 1352 1392 1406 bestiae,
1419 1363 1469 1399 et
1501 1353 1765 1416 imaginem

274 1424 378 1487 ejus
402 1425 732 1474 adorantibus,

344 1518 386 1562 3.
426 1503 488 1549 Et
503 1504 746 1556 secundus
765 1504 968 1568 angelus
986 1504 1157 1552 effudit
1171 1504 1380 1568 phialam
1397 1523 1534 1552 suam
1553 1506 1599 1552 in
1618 1523 1765 1559 mare,

274 1588 324 1626 et
352 1578 507 1626 factus
537 1591 610 1627 est
638 1581 838 1644 sanguis
868 1592 1100 1644 tanquam
1131 1582 1319 1635 mortui,
1345 1592 1394 1629 et
1423 1582 1581 1629 omnis
1605 1582 1767 1629 anima

273 1656 387 1703 viva
411 1667 602 1704 mortua
627 1668 700 1703 est
725 1658 771 1703 in
797 1658 929 1704 mari.

340 1747 385 1790 4.
435 1732 498 1779 Et
522 1733 688 1780 tertius
713 1733 916 1797 angelus
934 1733 1103 1780 effudit
1121 1733 1332 1796 phialem
1357 1751 1493 1781 suam
1521 1735 1567 1781 in
1594 1734 1767 1782 fluvios

274 1817 323 1854 et
348 1808 395 1855 in
421 1808 579 1856 fontes
605 1826 855 1872 aquarum,
875 1820 923 1857 et
947 1809 1101 1857 factus
1126 1820 1199 1857 est
1223 1811 1438 1874 sanguis.

345 1886 387 1932 5.
433 1885 495 1932 Εῖ
533 1886 692 1932 audivi
734 1885 966 1949 angelum
1010 1903 1246 1949 aquarum
1290 1887 1546 1941 dicentem,
1585 1887 1765 1950 Justus,

279 965 494 1148 ET
530 967 694 1015 audivi
732 985 906 1016 vocem
950 985 1182 1033 magnam
1222 987 1249 1017 e
1288 969 1486 1033 templo,
1523 970 1765 1027 dicentem

275 1961 505 2015 Domine,
532 1979 600 2016 es,
627 1962 710 2025 qui
736 1973 809 2009 est
845 1973 894 2009 et
930 1963 1012 2025 qui
1049 1963 1148 2017 fuit,
1175 1973 1224 2010 et
1259 1962 1472 2017 sanctus,
1499 1963 1612 2026 quia
1647 1963 1767 2011 haec

265 2038 501 2102 judicasti.

343 2118 386 2162 6.
435 2115 562 2176 Quia
585 2115 875 2179 sanguinem
900 2114 1178 2163 sanctorum
1205 2126 1254 2163 et
1278 2115 1624 2179 prophetarum
1645 2116 1762 2164 effu-

273 2190 464 2245 derunt,
504 2201 553 2238 et
588 2192 879 2255 sanguinem
916 2192 985 2239 eis
1023 2192 1199 2239 dedisti
1236 2193 1430 2247 bibere;
1467 2192 1599 2256 digni
1636 2193 1765 2240 enim

275 2277 402 2315 sunt.

343 2355 385 2402 7.
434 2343 497 2390 Et
515 2344 675 2390 audivi
693 2343 836 2390 alium
857 2361 918 2391 ex
935 2343 1069 2391 altari
1089 2343 1345 2398 dicentem,
1365 2344 1524 2391 Etiam
1545 2344 1761 2392 Domine

275 2419 416 2466 Deus
441 2421 768 2483 omnipotens,
795 2438 910 2467 vera
934 2431 983 2467 et
1000 2421 1132 2484 justa
1147 2420 1328 2484 judicia
1351 2430 1447 2467 tua.

343 2498 386 2542 8.
428 2496 491 2542 Et
510 2507 710 2559 quartus
730 2496 934 2560 angelus
955 2497 1122 2543 effudit
1137 2495 1348 2558 phialam
1369 2513 1506 2543 suam
1526 2496 1573 2542 in
1593 2495 1762 2545 solem,

274 2582 323 2619 et
347 2572 510 2618 datum
537 2583 611 2619 est
636 2572 697 2619 illi
722 2584 859 2620 aestu
884 2573 1100 2635 affligere
1125 2572 1349 2620 homines
1374 2589 1462 2634 per
1486 2573 1664 2636 ignem.

342 2664 385 2706 9.
436 2648 497 2695 Et
521 2659 865 2696 aestuaverunt
889 2649 1114 2696 homines
1150 2659 1288 2696 aestu
1326 2666 1523 2712 magno,
1550 2660 1600 2696 et
1635 2648 1759 2696 blas-

274 2724 562 2787 phemarunt
587 2742 767 2772 nomen
795 2725 890 2772 Dei
917 2725 1142 2772 habentis
1172 2735 1465 2787 potestatem
1491 2742 1638 2788 super
1660 2725 1758 2788 pla-

274 2818 365 2865 gas
391 2801 489 2854 haS,
511 2812 560 2848 et
586 2819 681 2848 non
709 2802 1014 2864 resipuerunt
1038 2801 1153 2848 dare
1182 2802 1277 2863 Ipsi
1301 2801 1520 2865 gloriam.

307 2930 309 2932 ,
346 2893 417 2925 10.
467 2878 529 2925 Et
548 2879 742 2941 quintus
767 2878 968 2942 angelus
987 2878 1156 2926 effudit
1178 2876 1360 2944 [suam]
1385 2877 1595 2941 phialem
1614 2895 1761 2941 super
