1832 3190
764 234 1109 269 APOCALYPSIS.
1571 229 1677 279 2481

638 620 999 683 CAPUT
1086 621 1241 681 XV.

197 859 407 1040 ET
442 859 540 906 vidi
570 859 699 906 aliud
723 860 917 922 signum
953 860 1000 907 in
1026 859 1176 913 caelo,
1203 877 1434 924 magnum
1465 871 1516 908 et
1539 861 1680 908 mira-

408 935 530 989 bile;
567 935 773 999 angelos
802 947 994 998 septem
1024 936 1261 983 habentes
1293 936 1462 1000 plagas
1490 948 1683 999 septem

409 1011 616 1065 ultimas,
642 1012 755 1074 quia
778 1012 825 1058 in
850 1011 937 1058 illis
962 1023 1300 1059 consummata
1323 1024 1399 1059 est
1423 1013 1488 1060 ira
1515 1013 1625 1060 Dei.

266 1106 308 1136 2.
358 1089 422 1135 Et
456 1088 555 1135 vidi
590 1099 820 1150 tanquam
846 1105 981 1135 mare
1007 1088 1214 1135 vitreum
1240 1089 1445 1135 mixtum
1478 1090 1607 1152 igne,
1633 1100 1684 1136 et

195 1163 447 1211 victoriam
472 1163 709 1210 habentes
732 1163 795 1210 de
821 1163 990 1216 bestia,
1007 1174 1057 1210 et
1081 1164 1142 1210 de
1168 1164 1379 1227 imagine
1405 1165 1520 1228 ejuS,
1547 1177 1597 1212 et
1620 1166 1682 1212 de

194 1238 476 1288 charactere
501 1240 619 1303 ejus,
644 1239 707 1285 de
732 1256 937 1286 numero
962 1240 1170 1286 nominis
1195 1241 1314 1304 ejus,
1338 1251 1524 1288 stantes
1540 1243 1684 1305 juxta

195 1333 330 1364 mare
350 1316 570 1379 vitreum,
590 1315 827 1362 habentes
852 1315 1059 1362 citharas
1086 1316 1196 1363 Dei.

263 1409 306 1453 3.
356 1392 419 1439 Et
447 1392 693 1438 canebant
716 1392 955 1438 canticum
975 1392 1131 1439 Mosis
1156 1393 1283 1440 servi
1310 1394 1421 1446 Dei,
1447 1404 1496 1441 et
1531 1394 1679 1440 canti-

194 1486 305 1516 cum
346 1469 496 1532 Agni,
534 1468 765 1529 dicenteS,
806 1467 991 1530 Magna
1028 1479 1078 1515 et
1124 1469 1357 1516 mirabilia
1393 1487 1544 1532 opera
1584 1481 1680 1524 tua,

196 1545 409 1592 Domine
436 1545 574 1591 Deus
604 1543 926 1605 omnipotens,
939 1544 1104 1607 justae
1147 1556 1197 1591 et
1238 1562 1386 1592 verae
1411 1546 1517 1593 viae
1551 1557 1679 1600 tuae,

197 1620 309 1668 Rex
333 1618 625 1667 sanctorum.

261 1711 306 1756 4.
354 1696 477 1757 Quis
503 1713 600 1742 non
624 1695 793 1742 timeat
810 1695 899 1749 Te,
918 1696 1146 1749 Domine,
1169 1708 1218 1744 et
1241 1697 1478 1760 glorificet
1498 1715 1679 1745 nomen

194 1771 364 1819 tuum?
403 1772 517 1834 quia
552 1771 681 1818 solus
706 1770 930 1825 sanctu&
970 1789 1119 1835 quare
1145 1790 1316 1820 omnes
1340 1785 1517 1837 gentes
1543 1775 1677 1821 veni-

195 1860 292 1903 ent,
317 1860 367 1897 et
401 1849 670 1896 adorabunt
702 1865 866 1896 coram
890 1849 978 1903 Te,
1004 1850 1118 1912 quia
1145 1851 1325 1913 judicia
1347 1862 1430 1898 tua
1455 1852 1677 1899 manifes-

193 1935 295 1972 tata
317 1937 444 1972 sunt.

263 2002 306 2048 5.
349 2001 412 2048 Et
436 2012 548 2064 post
570 2001 691 2048 haec
714 2001 826 2054 vidi,
853 2011 903 2048 et
922 2019 1035 2049 ecce
1071 2014 1294 2065 apertum
1332 2014 1407 2050 est
1443 2004 1679 2067 templum

194 2077 486 2124 tabernaculi
510 2077 775 2124 testimonii
801 2077 848 2123 in
873 2077 1023 2124 caelo.

262 2157 307 2201 6.
355 2154 417 2200 Et
435 2154 691 2200 exiverunt
709 2164 897 2215 septem
917 2154 1091 2217 angeli,
1112 2155 1349 2202 habentes
1368 2167 1557 2218 septem
1578 2156 1678 2219 pla-

194 2246 297 2293 gas,
322 2246 350 2277 e
374 2228 571 2291 templo,
598 2228 751 2276 induti
777 2229 874 2276 lino
904 2231 1086 2277 mundo
1123 2242 1172 2277 et
1206 2231 1476 2294 splendido,
1503 2244 1553 2279 et
1588 2234 1674 2279 cir-

195 2303 448 2353 cumcincti
472 2305 595 2352 circa
617 2303 817 2367 pectora
841 2306 974 2352 zonis
1000 2307 1175 2353 aureiS.

220 2426 223 2428 .
264 2393 306 2440 7.
355 2381 418 2427 Et
458 2398 606 2427 unum
648 2380 710 2427 de
747 2392 956 2443 quatuor
991 2382 1276 2428 animalibus
1312 2383 1446 2429 dedit
1486 2373 1676 2446 septem

195 2456 382 2521 angelis
401 2467 589 2519 septem
609 2456 790 2519 phialas
809 2474 981 2504 aureas
1000 2457 1168 2519 plenas
1194 2459 1261 2504 ira
1286 2459 1382 2505 Dei
1403 2460 1608 2506 viventis
1629 2460 1677 2507 in

195 2533 388 2581 saecula
411 2533 730 2580 saeculorum.

263 2611 307 2656 8.
356 2609 419 2656 Et
442 2609 690 2671 impletum
716 2620 792 2656 est
816 2609 1050 2671 templum
1077 2610 1210 2657 furno
1234 2628 1296 2657 ex
1327 2610 1481 2674 gloria
1508 2612 1601 2659 Dei
1627 2623 1678 2659 et

196 2701 259 2731 ex
282 2685 458 2732 virtute
497 2685 666 2747 Ipsius,
691 2695 741 2731 et
771 2702 917 2731 nemo
951 2686 1106 2747 potuit
1146 2686 1333 2749 ingredi
1370 2687 1416 2733 in
1443 2688 1675 2750 templum

197 2760 355 2807 donec
378 2771 825 2808 consummarentur
849 2772 1038 2823 septem
1063 2760 1236 2824 plagae
1264 2773 1452 2824 septem
1473 2764 1672 2827 angelo-

198 2853 318 2882 rum.
