1962 3328
254 235 366 288 2560
667 244 1000 277 APOCALYPSIS
1033 244 1335 277 EXPLICATA.

330 355 470 407 989.
513 356 590 396 “ft
622 356 776 395 factum
815 359 882 395 est
917 369 1086 408 regnum
1125 356 1213 409 ejus
1251 356 1743 410 renebrosum.''——Quod

250 417 474 469 significet
507 417 727 457 ecclesiam
759 417 859 456 inde
888 417 932 456 in
965 417 1097 457 meris
1128 424 1170 457 et
1200 418 1348 458 densis
1369 418 1529 469 salsis,
1558 425 1743 459 constat

250 491 310 517 ex
326 478 658 530 significatione
677 483 701 498 “
715 477 885 530 regni,”
900 478 1019 530 quod
1040 479 1097 518 sit
1117 479 1311 518 ecclesia
1327 480 1475 532 quoad
1490 493 1598 519 vera
1615 491 1670 527 <de
1683 500 1747 527 qua

251 547 386 586 [ευρω]Ι
401 557 430 577 n.
447 538 513 587 48,
533 537 657 588 [683]
675 537 823 587 684[a],
840 537 958 588 685);
991 543 1035 577 et
1056 551 1114 577 ex
1133 538 1468 590 significatione
1488 543 1512 559 “
1527 539 1742 579 tenebra-

249 597 388 645 rum‚’‘
415 597 535 650 quod
567 597 657 636 sint
689 597 804 636 falsa
835 608 889 644 (de
905 617 1025 644 qua,n.
1046 597 1239 649 526[a.b]),
1268 598 1337 638 hic
1370 612 1495 638 mera
1525 605 1572 638 et
1603 599 1746 638 densa

249 658 374 706 falsa,
399 659 501 711 quia
528 659 727 711 sequitur
753 658 872 711 quod
900 662 992 698 “eo
1017 673 1154 711 usque
1182 666 1230 699 ut
1258 660 1527 700 manderent
1552 659 1742 712 linguas,

249 728 295 761 et
318 721 691 774 blasphemarent
717 721 862 761 Deum
891 721 1003 761 caeli
1031 736 1137 774 prae
1161 722 1382 763 molestiis
1410 730 1455 763 et
1483 723 1746 764 ulceribus.'’

251 784 384 838 Quod
418 798 496 837 per
528 784 670 824 solam
704 783 853 832 fidem,
888 799 965 824 seu
998 799 1076 837 per
1108 785 1240 825 fidem
1274 793 1529 838 separatam
1561 800 1585 826 a
1616 787 1746 827 bonis

249 848 470 900 operibus,
496 848 646 887 omnia
668 861 773 887 vera
795 847 1012 888 ecclesiae
1032 848 1355 896 exsulaverint,
1376 856 1420 889 et
1446 849 1546 890 loco
1569 849 1745 890 illorum

250 924 372 951 mera
398 911 508 950 falsa
531 911 901 962 immigraverint,
927 924 1060 963 supra
1087 912 1252 963 passim
1277 918 1510 952 ostensum
1534 919 1628 953 est:
1663 926 1744 952 nec

250 981 403 1026 potest
431 974 561 1014 aliter
588 973 693 1022 fieri,
724 974 828 1014 dum
862 988 887 1014 a
918 973 1006 1014 fide
1039 982 1271 1027 separatur
1302 982 1348 1015 et
1380 976 1442 1016 sic
1474 989 1500 1015 a
1530 975 1745 1028 religione

250 1037 506 1078 excluditur
532 1038 637 1078 vita.

251 1126 428 1149 (continuatio
438 1126 468 1147 dc
478 1126 555 1147 Sexto
566 1126 720 1151 Praecepto.)

323 1162 441 1209 Quod
464 1163 616 1197 caelum
639 1163 689 1197 sit
715 1174 763 1198 ex
791 1163 998 1208 conjugiis,
1018 1170 1057 1197 et
1087 1163 1193 1208 quod
1227 1162 1422 1197 infernum
1453 1174 1501 1198 ex
1531 1163 1746 1203 adulteriis,

251 1221 369 1255 supra
398 1209 547 1244 dictum
579 1217 656 1249 est:
691 1221 796 1244 nunc
824 1210 978 1244 dicetur
1006 1210 1210 1263 quomodo
1238 1210 1313 1244 hoc
1345 1210 1644 1256 intelligendum
1675 1218 1746 1245 est.

254 1257 360 1291 Mala
378 1256 626 1296 hereditaria
639 1257 677 1291 in
697 1268 797 1310 quae
813 1257 934 1291 homo
950 1257 1132 1296 nascitur,
1144 1268 1223 1291 non
1238 1263 1330 1291 sunt
1344 1268 1392 1291 ex
1411 1257 1569 1292 Adamo
1587 1264 1748 1302 propter

253 1315 363 1339 esum
386 1315 434 1338 ex
455 1304 593 1338 arbore
620 1304 818 1344 scientiae,
841 1304 909 1339 sed
941 1315 964 1338 a
985 1304 1212 1349 parentibus
1234 1311 1396 1349 propter
1415 1304 1744 1339 adulterationem

252 1350 345 1386 boni
376 1357 416 1385 et
434 1350 749 1385 falsificationem
771 1351 864 1390 veri,
888 1351 942 1385 ita
968 1358 1128 1396 propter
1147 1350 1378 1396 conjugium
1405 1351 1496 1385 mali
1518 1357 1558 1385 et
1579 1350 1676 1389 falsi,
1699 1362 1746 1385 ex

252 1409 332 1443 quo
353 1409 464 1432 amor
484 1398 666 1432 adulterii
689 1398 833 1432 existit
885 1398 1010 1432 Amor
1031 1404 1237 1451 parentum
1260 1409 1427 1443 regnans
1454 1408 1523 1442 per
1542 1398 1746 1432 traducem

253 1445 453 1479 derivatur
470 1451 510 1479 et
530 1445 832 1479 transcribitur
825 1456 862 1478 in
886 1445 1046 1489 prolem,
1066 1451 1106 1479 et
1126 1445 1170 1478 fit
1195 1445 1281 1490 ejus
1307 1451 1466 1479 natura:
1491 1444 1523 1479 si
1549 1455 1660 1479 amor
1681 1455 1746 1490 pa-

253 1499 408 1527 rentum
428 1498 488 1526 est
506 1502 618 1526 amor
635 1491 828 1531 adulterii,
848 1498 907 1526 est
928 1502 1086 1536 quoque
1107 1502 1218 1526 amor
1240 1491 1330 1526 mali
1352 1492 1401 1526 ad
1421 1491 1573 1531 falsum,
1592 1502 1638 1526 ac
1659 1491 1745 1526 falsi

253 1539 302 1574 ad
322 1539 488 1579 malum
515 1549 562 1573 ex
581 1538 654 1572 hac
673 1538 824 1584 origine
842 1545 902 1573 est
917 1538 1067 1572 homini
1083 1549 1200 1573 omne
1215 1539 1372 1578 malurn,
1388 1544 1428 1573 et
1446 1549 1493 1572 ex
1512 1539 1616 1572 malo
1633 1545 1693 1573 est
1711 1539 1746 1573 ei

254 1585 461 1620 infernum.
514 1585 571 1619 Ex
591 1585 651 1620 his
670 1592 779 1630 patet
796 1586 903 1631 quod
923 1585 1074 1619 homini
1094 1585 1287 1619 infernum
1307 1585 1359 1620 sit
1376 1596 1424 1620 ex
1442 1585 1656 1625 adulteriis,
1672 1585 1746 1620 nisi

254 1632 490 1668 reformetur
515 1643 538 1667 a
570 1631 743 1666 Domino
774 1644 842 1677 per
866 1643 969 1672 vera,
996 1639 1036 1666 et
1066 1643 1134 1677 per
1158 1632 1279 1666 vitam
1312 1632 1529 1667 secundum
1557 1632 1640 1672 illa;
1674 1642 1746 1666 nec

253 1680 461 1725 quisquam
484 1679 686 1714 reformari
714 1686 844 1724 potest
871 1679 945 1714 nisi
972 1679 1096 1725 fugiat
1122 1679 1316 1714 adulteria
1341 1679 1443 1713 sicut
1470 1678 1684 1719 infernalia,
1707 1686 1747 1714 et

253 1733 360 1762 amet
381 1726 567 1772 conjugia
585 1726 687 1760 sicut
704 1726 907 1766 caelestia;
934 1726 988 1760 ita
1006 1733 1045 1760 et
1064 1737 1142 1761 non
1164 1726 1278 1761 aliter
1296 1727 1441 1760 malum
1464 1726 1745 1761 hereditarium

254 1773 457 1819 frangitur,
473 1780 512 1808 et
527 1773 571 1807 fit
590 1773 723 1807 mitius
743 1773 780 1807 in
797 1773 916 1818 prole.
967 1773 1023 1807 At
1037 1773 1240 1808 sciendum
1255 1779 1315 1808 est
1329 1774 1435 1818 quod
1451 1773 1572 1807 homo
1586 1773 1746 1818 quidem

254 1827 438 1856 nascatur
457 1819 652 1855 infernum
672 1831 720 1855 ex
742 1820 968 1865 parentibus
989 1820 1197 1860 adulteris;
1225 1831 1347 1865 usque
1364 1827 1494 1854 tamen
1519 1830 1598 1854 non
1621 1819 1746 1854 nasci-

253 1875 319 1902 tur
336 1867 385 1902 ad
406 1867 612 1906 infernum,
632 1867 701 1902 sed
720 1868 769 1902 ad
789 1867 960 1906 caelum,
953 1879 960 1885 ·
987 1867 1186 1912 provisum
1207 1867 1310 1901 enim
1330 1873 1390 1902 est
1407 1878 1430 1901 a
1449 1866 1621 1901 Domino
1639 1867 1744 1912 quod

255 1925 374 1950 nemo
399 1915 449 1949 ad
472 1913 668 1948 infernum
690 1921 851 1959 propter
872 1915 973 1948 mala
1000 1914 1236 1948 hereditaria
1262 1914 1481 1954 damnetur,
1496 1914 1564 1948 sed
1589 1920 1748 1958 propter

256 1962 359 1996 mala
383 1972 484 2007 quae
510 1961 632 1995 homo
658 1968 813 1995 suamet
839 1961 1045 1995 actualiter
1070 1972 1139 2014 per
1156 1961 1278 1995 vitam
1305 1961 1469 2001 fecerat,
1496 1967 1539 1995 ut
1565 1967 1747 1995 constare

256 2015 388 2054 potest
407 2020 454 2043 ex
473 2007 688 2042 infantibus
701 2015 792 2062 post
814 2015 993 2048 mortem
1012 2008 1079 2053 qui
1101 2019 1239 2042 omncs
1260 2008 1501 2052 adoptantur
1517 2018 1540 2041 a
1563 2006 1746 2046 Domino,

255 2056 475 2091 educantur
500 2056 572 2089 sub
598 2055 774 2100 auspicio
799 2054 926 2100 Ipsius
952 2055 991 2089 in
1013 2055 1132 2094 caelo,
1155 2061 1194 2089 et
1215 2055 1435 2089 salvantur:
1465 2065 1512 2089 ex
1533 2065 1612 2099 quo
1639 2060 1748 2099 patet

256 2103 363 2148 quod
390 2102 519 2137 omnis
546 2102 677 2141 homo,
705 2102 862 2136 tametsi
890 2114 937 2136 ex
963 2102 1144 2136 connatis
1171 2101 1282 2136 malis
1308 2108 1367 2136 est
1395 2101 1601 2140 infernum,
1623 2111 1747 2146 usque

256 2161 335 2185 non
355 2150 404 2184 ad
424 2149 620 2183 infernum
639 2149 708 2183 sed
727 2149 776 2183 ad
795 2149 947 2183 caelum
968 2155 1162 2183 nascatur.
1213 2147 1348 2183 Simile
1370 2148 1414 2182 fit
1435 2159 1524 2182 cum
1546 2147 1654 2182 omni
1677 2147 1748 2182 ho-

257 2197 362 2232 mine
380 2196 499 2231 etiam
519 2202 613 2230 nato
631 2207 678 2230 ex
697 2195 903 2235 adulterio,
919 2196 950 2230 si
970 2207 1048 2230 non
1069 2195 1151 2240 ipse
1169 2195 1324 2230 adulter
1341 2195 1428 2229 fiat:
1454 2206 1523 2239 per
1541 2194 1622 2229 fieri
1637 2194 1747 2228 adul-

255 2251 316 2279 ter
342 2243 575 2288 intelligitur
598 2243 730 2277 vivere
761 2242 800 2276 in
826 2242 1014 2288 conjugio
1041 2242 1131 2276 mali
1158 2249 1198 2276 et
1224 2241 1321 2281 falsi,
1340 2242 1555 2287 cogitando
1581 2241 1683 2276 mala
1708 2248 1748 2275 et

256 2291 354 2326 falsa
375 2301 422 2325 ex
442 2290 619 2335 jucundo
642 2290 809 2329 illorum,
831 2296 871 2324 et
892 2289 1074 2324 faciendo
1097 2289 1161 2323 illa
1181 2299 1229 2323 ex
1255 2300 1388 2323 amore
1415 2289 1591 2328 illorum;
1617 2287 1747 2322 omnis

258 2339 380 2372 homo
398 2337 465 2382 qui
488 2337 584 2371 haec
603 2336 696 2371 facit
714 2336 833 2371 etiarn
855 2337 1010 2370 adulter
1028 2336 1081 2370 fit.
1135 2336 1191 2370 Ex
1208 2335 1361 2380 justitia
1384 2335 1527 2369 Divina
1548 2334 1666 2369 etiam
1687 2341 1748 2369 est

257 2392 301 2419 ut
319 2395 437 2419 nemo
455 2384 538 2418 luat
556 2395 703 2429 poenas
722 2390 882 2428 propter
900 2383 1002 2417 mala
1019 2389 1237 2428 parentum,
1253 2382 1321 2417 sed
1337 2389 1497 2427 propter
1513 2392 1602 2422 sua;
1627 2392 1748 2426 quare

257 2431 487 2477 providetur
512 2442 535 2465 a
563 2430 735 2465 Domino
762 2441 810 2464 ne
837 2436 926 2475 post
952 2436 1119 2464 mortem
1147 2430 1249 2463 mala
1275 2428 1511 2463 hereditaria
1536 2434 1747 2467 recurrant,

256 2479 325 2514 sed
349 2478 451 2513 mala
472 2477 655 2523 propria;
682 2484 721 2512 et
743 2484 902 2523 propter
923 2476 988 2511 illa
1014 2487 1114 2522 quae
1136 2483 1350 2515 recurrunt,
1373 2476 1494 2510 homo
1518 2481 1614 2509 tunc
1636 2474 1749 2520 puni-

256 2532 331 2561 tur.

338 2638 481 2679 990.
512 2626 591 2666 “Et
610 2626 854 2666 mandebant
879 2625 1040 2678 linquas
1068 2637 1171 2664 suas
1194 2636 1298 2676 ,ot-ae
1324 2622 1746 2675 molestia.''—-Quod

258 2691 479 2745 significet
511 2691 630 2744 quod
654 2698 769 2743 prae
790 2689 989 2742 fastidio
1019 2703 1100 2729 non
1136 2688 1273 2728 velint
1300 2688 1526 2740 percipere
1563 2693 1604 2727 ct
1639 2686 1751 2727 scire

253 2755 446 2808 genuina
473 2754 582 2795 bona
612 2761 653 2794 et
682 2768 802 2802 vera,
832 2759 1013 2794 constat
1046 2766 1103 2792 ex
1140 2751 1467 2804 significatione
1497 2750 1747 2790 “mandere

259 2817 472 2870 linguas‚”
490 2818 608 2870 quod
633 2818 688 2857 sit
712 2830 800 2856 non
824 2816 939 2856 velle
964 2816 1191 2868 percipere
1213 2821 1258 2854 et
1281 2815 1392 2854 scire
1411 2814 1606 2866 genuina
1627 2812 1746 2852 bona

259 2885 305 2920 et
344 2892 451 2919 vera
488 2890 542 2927 (de
562 2898 626 2926 qua
645 2889 828 2929 sequitur);
874 2883 919 2918 et
956 2891 1015 2917 ex
1055 2875 1386 2929 significatione
1425 2871 1747 2921 “molestiae‚'’
