1962 3328
269 247 378 291 2552
675 247 1017 280 ’APOCALYPSIS
1050 248 1349 281 EXPLICATA.

266 360 385 412 pitur
407 359 653 400 secundum
677 360 806 414 quale
825 361 943 401 vitae
967 360 1072 413 ejus,
1093 362 1154 401 ita
1181 361 1426 402 secundum
1449 362 1579 415 quale
1598 363 1760 404 amoris

265 422 384 474 ejus;
420 423 482 462 illi
514 424 663 476 itaque
696 424 769 476 qui
801 437 1000 464 amorem
1035 424 1279 464 caelestem
1311 425 1430 477 apud
1457 439 1503 465 se
1529 432 1760 466 verterunt

266 485 309 524 in
342 499 541 526 amorem
575 486 852 533 infernalem,
878 500 967 526 non
1000 486 1130 527 aliter
1157 494 1345 539 possunt
1378 501 1510 540 quam
1543 488 1760 528 influxum

266 547 434 586 amoris
460 561 483 586 e
515 547 644 587 caelo
671 554 850 587 vertere
882 548 925 586 in
957 561 1086 587 suum
1117 561 1346 588 amorem:
1380 548 1589 589 similiter
1611 554 1660 588 ut
1686 562 1759 588 so-

270 608 366 648 lent
390 609 514 649 calor
537 615 582 649 et
606 609 685 649 lux
709 623 732 649 e
759 610 855 649 sole
878 609 1068 649 influens
1091 610 1134 649 in
1157 610 1336 662 objecta
1359 611 1550 659 telluris,
1569 624 1760 664 quorum

270 672 495 724 quaedam
523 686 582 712 ex
613 672 784 712 influxu
815 672 895 712 illo
927 673 1114 713 odorem
1147 674 1493 714 suaveolentum
1525 675 1758 721 emittunt,

268 735 493 787 quaedam
517 735 886 787 graveolentum,
903 749 1005 775 curn
1029 742 1183 776 tamen
1206 737 1330 777 calor
1351 743 1398 777 et
1421 737 1500 777 lux
1518 738 1561 777 in
1584 751 1631 777 se
1653 743 1760 778 sunt

266 797 453 845 similes,
477 804 523 838 et
547 812 726 851 quoque
749 805 853 838 sunt
877 801 935 838 ei<
960 800 1090 839 unico
1112 799 1254 847 fonte,
1274 813 1438 852 nempe
1460 813 1519 840 ex
1541 799 1653 840 sole.

266 883 445 908 (Continuatio
455 884 484 904 dc
497 883 573 904 Sexto
583 884 739 909 Praecepto.)

337 919 535 966 Quoniam
555 921 793 955 adulterium
813 928 873 955 est
895 921 1090 956 infernum
1110 922 1214 966 apud
1236 921 1450 962 hominem,
1470 929 1510 956 et
1530 922 1759 968 conjugium

265 974 325 1002 est
351 968 502 1002 caelu-m
531 968 635 1012 apud
665 968 785 1008 illum,
812 968 990 1013 sequitur
1019 969 1125 1013 quod
1153 976 1345 1013 quantum
1376 969 1497 1003 homo
1523 968 1759 1003 adulterium

265 1021 381 1054 amat,
397 1021 553 1048 tantum
569 1021 770 1049 removeat
788 1026 829 1050 se
847 1026 870 1049 a
888 1015 1008 1055 caelo,
1024 1022 1314 1060 consequenter
1327 1016 1433 1061 quod
1448 1015 1642 1050 adulteria
1654 1016 1760 1050 clau-

265 1062 361 1096 dant
382 1062 545 1101 caelum,
565 1068 604 1096 et
625 1062 804 1106 aperiant
826 1061 1041 1102 infernum;
1068 1062 1144 1097 hoc
1166 1062 1315 1097 faciunt
1335 1069 1527 1108 quantum
1547 1063 1762 1097 creduntur

267 1119 351 1143 esse
366 1108 482 1148 licita,
498 1115 537 1143 et
552 1108 822 1153 percipiuntur
834 1109 1009 1154 jucunda
1023 1120 1115 1154 prae
1129 1110 1335 1154 conjugiis.
1374 1108 1626 1156 Quapropter
1639 1109 1761 1144 homo

266 1155 333 1200 qui
355 1155 563 1190 confirmat
584 1156 689 1200 apud
715 1167 757 1190 se
777 1156 981 1195 adulteria,
1004 1163 1044 1191 et
1064 1156 1281 1191 committit
1303 1157 1367 1190 illa
1393 1168 1441 1191 ex
1461 1156 1577 1191 venia
1601 1163 1642 1191 et
1666 1167 1761 1191 con-

266 1213 382 1237 sensu
401 1202 629 1242 voluntatis,
645 1209 684 1237 et
703 1203 889 1248 conjugia
906 1210 1118 1243 aversatur,
1138 1203 1286 1237 claudit
1305 1203 1377 1238 sibi
1397 1203 1559 1243 caelum,
1575 1214 1698 1248 usque
1717 1210 1761 1237 ut

264 1249 425 1284 tandem
449 1261 527 1284 non
550 1250 685 1284 credat
706 1250 854 1294 aliquid
877 1250 1064 1284 ecclesiae
1085 1257 1153 1284 aut
1175 1250 1305 1289 Verbi,
1325 1249 1369 1284 fit
1391 1261 1549 1295 prorsus
1570 1250 1760 1285 sensualis

266 1296 398 1336 homo,
417 1303 456 1331 et
478 1303 567 1341 post
587 1303 754 1331 mortem
775 1297 974 1331 infernalis
993 1297 1171 1342 spiritus;
1199 1308 1300 1336 nam,
1321 1304 1364 1331 ut
1385 1308 1503 1342 supra
1520 1295 1670 1331 dictum
1689 1304 1759 1336 est,

264 1343 502 1378 adulterium
521 1350 581 1378 est
600 1343 808 1383 infernum,
824 1351 863 1378 et
883 1344 973 1378 inde
992 1344 1147 1378 adulter
1164 1351 1223 1378 est
1238 1344 1364 1378 forma
1382 1345 1478 1389 ejus.
1529 1343 1632 1390 Quia
1649 1344 1761 1378 adul-

264 1390 406 1424 terium
422 1397 482 1424 est
501 1390 709 1430 infernum,
725 1391 902 1436 sequitur
916 1390 1022 1436 quod
1043 1390 1116 1425 nisi
1137 1391 1258 1425 homo
1272 1390 1468 1425 abstineat
1482 1391 1531 1425 ab
1545 1390 1758 1429 adulteriis,

264 1448 310 1471 ac
332 1437 457 1483 fugiat
483 1444 522 1472 et
543 1444 745 1472 aversetur
763 1437 828 1472 illa
854 1444 897 1471 ut
920 1437 1134 1477 infernalia,
1158 1438 1385 1483 praecludat
1406 1437 1480 1472 sibi
1501 1438 1665 1477 caelum,
1688 1448 1760 1472 nec

265 1484 428 1529 recipiat
457 1484 747 1530 aliquantillum
783 1484 974 1518 influxum
1010 1484 1111 1519 inde.
1181 1484 1454 1519 Ratiocinatur
1484 1491 1622 1529 postea
1651 1485 1759 1530 quod

264 1531 451 1577 conjugia
475 1538 515 1566 et
545 1531 738 1566 adulteria
764 1531 843 1566 sint
873 1531 1077 1571 similaria;
1112 1532 1180 1566 sed
1211 1532 1318 1576 quod
1345 1531 1530 1576 conjugia
1560 1531 1598 1565 in
1629 1531 1760 1576 regnis

264 1578 526 1613 custodienda
547 1585 639 1613 sunt
665 1585 825 1623 propter
850 1579 1040 1618 ordinem,
1068 1585 1107 1613 et
1133 1585 1293 1623 propter
1317 1578 1592 1613 educationem
1620 1578 1759 1623 prolis:

264 1632 304 1660 et
322 1625 429 1670 quod
449 1625 643 1660 adulteria
657 1636 735 1659 non
755 1625 834 1660 sint
852 1625 1074 1664 criminosa,
1089 1626 1277 1670 quoniam
1293 1636 1340 1659 ex
1360 1625 1434 1660 illis
1448 1636 1571 1670 aeque
1586 1625 1761 1659 nascitur

265 1673 404 1717 proles,
424 1679 464 1707 et
481 1673 588 1718 quod
608 1672 765 1707 feminis
784 1683 863 1706 non
885 1672 964 1706 sint
983 1679 1234 1712 nocumento,
1253 1672 1346 1717 quia
1364 1679 1529 1717 possunt
1547 1672 1759 1712 sustinere;

265 1726 305 1754 et
323 1719 429 1764 quod
450 1731 518 1764 per
537 1719 601 1753 illa
620 1719 840 1764 procreatio
857 1719 1012 1765 generis
1031 1719 1192 1753 humani
1213 1726 1509 1764 promoveatur;
1535 1730 1615 1753 non
1634 1718 1759 1753 scien-

266 1773 325 1801 tes
346 1767 453 1811 quod
476 1766 569 1800 talia
590 1766 805 1805 ratiocinia,
828 1773 867 1801 et
888 1766 1031 1800 similia
1051 1766 1127 1800 alia
1149 1777 1218 1811 pro
1239 1766 1452 1805 adulteriis,
1475 1766 1690 1800 ascendant
1711 1776 1758 1800 ex

266 1813 378 1858 aquis
397 1813 534 1859 stygiis
550 1813 702 1852 inferni,
718 1820 758 1847 et
772 1813 878 1858 quod
899 1813 1109 1847 libidinosa
1123 1820 1162 1847 et
1180 1813 1304 1847 ferina
1318 1812 1490 1847 hominis
1506 1819 1645 1847 natura
1657 1823 1758 1857 quae

265 1860 301 1894 ei
323 1871 370 1894 ex
390 1860 596 1894 nativitate
619 1860 730 1899 inest,
749 1860 922 1894 attrahat
942 1866 982 1894 et
1003 1866 1117 1905 sugat
1139 1860 1213 1897 illa,
1233 1859 1335 1894 sicut
1355 1871 1421 1894 sus
1441 1866 1647 1899 stercorea,
1667 1870 1756 1894 cum

263 1907 452 1953 jucundo.
503 1906 620 1953 Quod
640 1907 734 1941 talia
752 1907 967 1947 ratiocinia,
982 1917 1082 1952 quae
1101 1907 1220 1941 hodie
1235 1906 1418 1941 obsident
1433 1913 1585 1941 mentes
1604 1906 1758 1951 perplu-

266 1954 367 1988 rium
388 1953 426 1988 in
447 1953 673 1989 Christiano
692 1954 796 1994 orbe,
816 1954 894 1988 sint
912 1953 1050 2000 stygia,
1070 1954 1109 1988 in
1128 1953 1382 1999 sequentibus
1400 1952 1610 1988 videbitur.

349 2065 486 2119 983.
527 2076 692 2114 [Vers.9.]
730 2065 808 2105 “Et
839 2068 1132 2106 aestuaverunt
1156 2064 1334 2105 homines
1366 2068 1485 2104 aestu
1517 2063 1760 2117 ma9n0.”—

265 2127 400 2181 Quod
419 2128 644 2181 significet
666 2129 958 2180 cupiditatem
979 2128 1270 2168 adulterandi
1284 2141 1391 2167 vera
1406 2134 1448 2167 et
1469 2127 1578 2167 bona
1605 2126 1753 2174 Verbi,

264 2198 450 2233 constat
476 2206 534 2232 ex
558 2191 890 2243 significatione
916 2195 1111 2231 “aestus
1138 2190 1334 2243 magni‚”
1360 2190 1480 2243 quod
1507 2190 1563 2230 sit
1586 2202 1754 2229 concu-

263 2255 486 2308 piscentia
510 2254 610 2294 falsi
637 2260 682 2294 et
709 2254 766 2294 ad
791 2253 969 2302 falsum,
993 2254 1056 2294 ita
1082 2254 1308 2306 cupiditas
1334 2252 1623 2293 adulterandi
1648 2266 1755 2292 vera

263 2325 310 2358 et
333 2318 454 2358 bona
476 2317 619 2358 Verbi
646 2328 700 2365 (de
716 2337 779 2365 qua
797 2328 976 2366 [supra]‚n.
992 2318 1106 2367 481).
1167 2316 1294 2357 Haec
1318 2315 1438 2356 dicta
1459 2322 1564 2356 sunt
1587 2315 1643 2355 de
1665 2315 1753 2355 illis

263 2381 337 2434 qui
363 2381 407 2420 in
433 2380 521 2420 fide
548 2387 758 2433 separata
783 2394 807 2420 a
833 2380 963 2420 bonis
986 2380 1108 2419 vitae
1140 2385 1260 2426 sunt,
1284 2379 1357 2432 qui
1389 2392 1467 2431 per
1492 2377 1754 2418 “habentes

263 2442 573 2484 characterem
605 2442 821 2490 bestiae,’'
846 2449 892 2482 et
925 2456 1003 2495 per
1031 2442 1314 2481 “adorantes
1345 2441 1591 2492 imaginem
1624 2440 1718 2492 ejus
1733 2440 1752 2453 '¹

266 2505 400 2558 (vers.
424 2505 485 2557 2),
505 2505 825 2557 intelliguntur
844 2519 851 2554 ;
884 2505 928 2544 hi
951 2504 1053 2556 quia
1075 2505 1220 2556 ipsum
1243 2503 1489 2543 essentiale
1511 2502 1749 2549 ecclesiae,

263 2568 383 2620 quod
410 2574 479 2607 est
506 2568 675 2607 bonum
701 2568 838 2615 vitae,
866 2572 1081 2619 separant
1113 2579 1138 2605 a
1169 2565 1269 2613 fide,
1293 2571 1339 2605 et
1371 2565 1432 2605 sic
1458 2570 1699 2604 removent
1725 2578 1751 2604 a

264 2631 415 2670 medio
447 2630 620 2677 salutis,
654 2643 744 2670 non
776 2635 966 2682 possunt
997 2629 1130 2668 aliter
1161 2641 1295 2680 quam
1325 2626 1562 2667 falsificare
1599 2627 1750 2667 omnia

263 2706 371 2732 vera
389 2692 531 2732 Verbi
550 2707 557 2741 ;
591 2706 695 2732 nam
715 2693 788 2745 qui
811 2697 1050 2731 removent
1068 2691 1209 2730 vitam
1232 2690 1479 2730 secundum
1503 2696 1750 2742 praecepta

266 2755 465 2803 Domini,
498 2755 753 2795 annihilant
786 2755 937 2794 omnia
963 2753 1119 2801 Verbi,
1144 2759 1248 2793 sunt
1279 2753 1398 2792 enim
1429 2753 1582 2792 omnia
1607 2751 1749 2792 Verbi

263 2824 512 2870 praecepta
542 2819 692 2868 vitae3
730 2822 976 2870 praecepta
1007 2815 1125 2863 fidei,
1166 2829 1278 2868 quae
1319 2821 1423 2855 sunt
1454 2828 1560 2855 vera
1590 2813 1746 2863 Verbi,

262 2880 432 2921 docent
458 2881 612 2920 vitam.
