<?xml version="1.0" encoding="UTF-8"?>
<!DOCTYPE html PUBLIC "-//W3C//DTD XHTML 1.0 Transitional//EN"
    "http://www.w3.org/TR/xhtml1/DTD/xhtml1-transitional.dtd">
<html xmlns="http://www.w3.org/1999/xhtml" xml:lang="en" lang="en">
 <head>
  <title>
</title>
<meta http-equiv="Content-Type" content="text/html;charset=utf-8" />
  <meta name='ocr-system' content='tesseract 3.04.00' />
  <meta name='ocr-capabilities' content='ocr_page ocr_carea ocr_par ocr_line ocrx_word'/>
</head>
<body>
  <div class='ocr_page' id='page_1' title='image "apocalypsisexpli05sweduoft_0038.png"; bbox 0 0 1962 3328; ppageno 0'>
   <div class='ocr_carea' id='block_1_1' title="bbox 261 254 1336 297">
    <p class='ocr_par' dir='ltr' id='par_1_1' title="bbox 261 254 1336 297">
     <span class='ocr_line' id='line_1_1' title="bbox 261 254 1336 297; baseline 0.004 -13"><span class='ocrx_word' id='word_1_1' title='bbox 261 254 372 297; x_wconf 80' lang='lat'>2510</span> <span class='ocrx_word' id='word_1_2' title='bbox 674 254 1005 287; x_wconf 80' lang='lat' dir='ltr'>APOCALYPSIS</span> <span class='ocrx_word' id='word_1_3' title='bbox 1038 255 1336 288; x_wconf 86' lang='lat' dir='ltr'><strong>EXPLICATA.</strong></span> 
     </span>
    </p>
   </div>
   <div class='ocr_carea' id='block_1_2' title="bbox 261 366 1750 707">
    <p class='ocr_par' dir='ltr' id='par_1_2' title="bbox 261 366 1748 704">
     <span class='ocr_line' id='line_1_2' title="bbox 262 366 1748 423; baseline 0.003 -16"><span class='ocrx_word' id='word_1_4' title='bbox 262 366 365 407; x_wconf 89' lang='lat' dir='ltr'>sus”</span> <span class='ocrx_word' id='word_1_5' title='bbox 384 373 430 408; x_wconf 92' lang='lat' dir='ltr'>et</span> <span class='ocrx_word' id='word_1_6' title='bbox 451 371 476 387; x_wconf 90' lang='lat'>“</span> <span class='ocrx_word' id='word_1_7' title='bbox 490 367 628 408; x_wconf 90' lang='lat' dir='ltr'>linum</span> <span class='ocrx_word' id='word_1_8' title='bbox 641 367 659 382; x_wconf 83' lang='lat'>&#39;&#39;</span> <span class='ocrx_word' id='word_1_9' title='bbox 678 369 1034 422; x_wconf 81' lang='lat' dir='ltr'>correspondent</span> <span class='ocrx_word' id='word_1_10' title='bbox 1053 369 1168 410; x_wconf 89' lang='lat' dir='ltr'>veris</span> <span class='ocrx_word' id='word_1_11' title='bbox 1186 370 1228 410; x_wconf 92' lang='lat' dir='ltr'>in</span> <span class='ocrx_word' id='word_1_12' title='bbox 1248 370 1405 423; x_wconf 87' lang='lat' dir='ltr'>quibus</span> <span class='ocrx_word' id='word_1_13' title='bbox 1424 377 1527 411; x_wconf 88' lang='lat' dir='ltr'>sunt</span> <span class='ocrx_word' id='word_1_14' title='bbox 1546 384 1554 411; x_wconf 91' lang='lat'>:</span> <span class='ocrx_word' id='word_1_15' title='bbox 1583 371 1748 413; x_wconf 91' lang='lat' dir='ltr'>idcirco</span> 
     </span>
     <span class='ocr_line' id='line_1_3' title="bbox 261 429 1747 487; baseline 0.004 -18"><span class='ocrx_word' id='word_1_16' title='bbox 261 430 399 470; x_wconf 86' lang='lat' dir='ltr'>etiam</span> <span class='ocrx_word' id='word_1_17' title='bbox 428 429 634 470; x_wconf 89' lang='lat' dir='ltr'>Aharoni</span> <span class='ocrx_word' id='word_1_18' title='bbox 661 438 706 471; x_wconf 91' lang='lat' dir='ltr'>et</span> <span class='ocrx_word' id='word_1_19' title='bbox 734 431 833 471; x_wconf 89' lang='lat' dir='ltr'>filiis</span> <span class='ocrx_word' id='word_1_20' title='bbox 860 431 951 483; x_wconf 88' lang='lat' dir='ltr'>ejus</span> <span class='ocrx_word' id='word_1_21' title='bbox 978 432 1154 474; x_wconf 86' lang='lat' dir='ltr'>fuerunt</span> <span class='ocrx_word' id='word_1_22' title='bbox 1181 439 1333 472; x_wconf 82' lang='lat' dir='ltr'>vestes</span> <span class='ocrx_word' id='word_1_23' title='bbox 1360 446 1417 473; x_wconf 86' lang='lat' dir='ltr'>ex</span> <span class='ocrx_word' id='word_1_24' title='bbox 1446 433 1550 482; x_wconf 91' lang='lat' dir='ltr'>lino,</span> <span class='ocrx_word' id='word_1_25' title='bbox 1578 434 1621 474; x_wconf 93' lang='lat' dir='ltr'>in</span> <span class='ocrx_word' id='word_1_26' title='bbox 1652 435 1747 487; x_wconf 89' lang='lat' dir='ltr'>qui-</span> 
     </span>
     <span class='ocr_line' id='line_1_4' title="bbox 261 492 1415 548; baseline 0.003 -16"><span class='ocrx_word' id='word_1_27' title='bbox 261 492 341 532; x_wconf 92' lang='lat' dir='ltr'>bus</span> <span class='ocrx_word' id='word_1_28' title='bbox 369 493 715 534; x_wconf 79' lang='lat' dir='ltr'><strong>ministrabant:</strong></span> <span class='ocrx_word' id='word_1_29' title='bbox 749 494 805 534; x_wconf 92' lang='lat' dir='ltr'>de</span> <span class='ocrx_word' id='word_1_30' title='bbox 832 494 989 547; x_wconf 87' lang='lat' dir='ltr'>quibus</span> <span class='ocrx_word' id='word_1_31' title='bbox 1016 495 1079 534; x_wconf 87' lang='lat' dir='ltr'>ita</span> <span class='ocrx_word' id='word_1_32' title='bbox 1105 495 1223 548; x_wconf 89' lang='lat' dir='ltr'>apud</span> <span class='ocrx_word' id='word_1_33' title='bbox 1248 495 1415 544; x_wconf 50' lang='lat' dir='ltr'>[We-sen,</span> 
     </span>
     <span class='ocr_line' id='line_1_5' title="bbox 327 581 1747 625; baseline 0.002 -12"><span class='ocrx_word' id='word_1_34' title='bbox 327 581 506 613; x_wconf 85' lang='lat' dir='ltr'>“Facies”</span> <span class='ocrx_word' id='word_1_35' title='bbox 531 582 691 613; x_wconf 86' lang='lat' dir='ltr'>Aharoni</span> <span class='ocrx_word' id='word_1_36' title='bbox 715 589 750 614; x_wconf 90' lang='lat' dir='ltr'>et</span> <span class='ocrx_word' id='word_1_37' title='bbox 775 583 855 614; x_wconf 89' lang='lat' dir='ltr'>filiis</span> <span class='ocrx_word' id='word_1_38' title='bbox 880 582 957 623; x_wconf 85' lang='lat' dir='ltr'>ejus</span> <span class='ocrx_word' id='word_1_39' title='bbox 983 584 1198 614; x_wconf 81' lang='lat' dir='ltr'>“femoralia</span> <span class='ocrx_word' id='word_1_40' title='bbox 1225 584 1287 615; x_wconf 86' lang='lat' dir='ltr'>lini</span> <span class='ocrx_word' id='word_1_41' title='bbox 1312 585 1356 616; x_wconf 87' lang='lat' dir='ltr'>ad</span> <span class='ocrx_word' id='word_1_42' title='bbox 1388 585 1580 625; x_wconf 83' lang='lat' dir='ltr'>tegendum</span> <span class='ocrx_word' id='word_1_43' title='bbox 1605 595 1747 616; x_wconf 87' lang='lat' dir='ltr'>carnem</span> 
     </span>
     <span class='ocr_line' id='line_1_6' title="bbox 435 626 1748 668; baseline 0.003 -12"><span class='ocrx_word' id='word_1_44' title='bbox 435 626 603 657; x_wconf 89' lang='lat' dir='ltr'>nuditatis</span> <span class='ocrx_word' id='word_1_45' title='bbox 616 636 710 662; x_wconf 86' lang='lat' dir='ltr'>suae</span> <span class='ocrx_word' id='word_1_46' title='bbox 725 637 746 656; x_wconf 88' lang='lat' dir='ltr'>a</span> <span class='ocrx_word' id='word_1_47' title='bbox 759 626 888 658; x_wconf 90' lang='lat' dir='ltr'>lumbis</span> <span class='ocrx_word' id='word_1_48' title='bbox 902 637 1012 667; x_wconf 86' lang='lat' dir='ltr'>usque</span> <span class='ocrx_word' id='word_1_49' title='bbox 1024 628 1068 658; x_wconf 92' lang='lat' dir='ltr'>ad</span> <span class='ocrx_word' id='word_1_50' title='bbox 1082 628 1244 664; x_wconf 64' lang='lat' dir='ltr'>femora„</span> <span class='ocrx_word' id='word_1_51' title='bbox 1281 635 1399 659; x_wconf 81' lang='lat' dir='ltr'>,erunt</span> <span class='ocrx_word' id='word_1_52' title='bbox 1411 639 1517 668; x_wconf 89' lang='lat' dir='ltr'>super</span> <span class='ocrx_word' id='word_1_53' title='bbox 1527 628 1544 639; x_wconf 90' lang='grc'>”</span> <span class='ocrx_word' id='word_1_54' title='bbox 1558 629 1626 660; x_wconf 88' lang='lat' dir='ltr'>illis</span> <span class='ocrx_word' id='word_1_55' title='bbox 1642 631 1659 643; x_wconf 89' lang='lat'><em>“</em></span> <span class='ocrx_word' id='word_1_56' title='bbox 1669 639 1748 660; x_wconf 90' lang='lat' dir='ltr'>cum</span> 
     </span>
     <span class='ocr_line' id='line_1_7' title="bbox 435 669 1750 707; baseline 0.002 -7"><span class='ocrx_word' id='word_1_57' title='bbox 435 669 617 700; x_wconf 88' lang='lat' dir='ltr'>intrabunt</span> <span class='ocrx_word' id='word_1_58' title='bbox 638 670 672 700; x_wconf 90' lang='lat' dir='ltr'>in</span> <span class='ocrx_word' id='word_1_59' title='bbox 691 670 901 700; x_wconf 89' lang='lat' dir='ltr'>Tentorium</span> <span class='ocrx_word' id='word_1_60' title='bbox 920 678 1128 707; x_wconf 88' lang='lat' dir='ltr'>conventus,</span> <span class='ocrx_word' id='word_1_61' title='bbox 1147 677 1181 701; x_wconf 89' lang='lat' dir='ltr'>et</span> <span class='ocrx_word' id='word_1_62' title='bbox 1201 672 1369 702; x_wconf 90' lang='lat' dir='ltr'>accedent</span> <span class='ocrx_word' id='word_1_63' title='bbox 1389 673 1433 702; x_wconf 84' lang='lat' dir='ltr'>ad</span> <span class='ocrx_word' id='word_1_64' title='bbox 1452 673 1562 703; x_wconf 84' lang='lat' dir='ltr'>altare</span> <span class='ocrx_word' id='word_1_65' title='bbox 1582 673 1626 704; x_wconf 89' lang='lat' dir='ltr'>ad</span> <span class='ocrx_word' id='word_1_66' title='bbox 1647 673 1750 703; x_wconf 87' lang='lat' dir='ltr'>mini-</span> 
     </span>
    </p>
   </div>
   <div class='ocr_carea' id='block_1_3' title="bbox 435 712 1749 795">
    <p class='ocr_par' dir='ltr' id='par_1_3' title="bbox 435 712 1749 795">
     <span class='ocr_line' id='line_1_8' title="bbox 435 712 1749 780; baseline 0.003 -37"><span class='ocrx_word' id='word_1_67' title='bbox 435 713 619 780; x_wconf 42' lang='lat' dir='ltr'>{trandum</span> <span class='ocrx_word' id='word_1_68' title='bbox 640 713 676 744; x_wconf 89' lang='lat' dir='ltr'>in</span> <span class='ocrx_word' id='word_1_69' title='bbox 698 712 834 751; x_wconf 57' lang='lat' dir='ltr'>sanato,</span> <span class='ocrx_word' id='word_1_70' title='bbox 855 724 897 744; x_wconf 88' lang='lat' dir='ltr'>ne</span> <span class='ocrx_word' id='word_1_71' title='bbox 919 720 1061 754; x_wconf 89' lang='lat' dir='ltr'>portent</span> <span class='ocrx_word' id='word_1_72' title='bbox 1082 715 1304 755; x_wconf 88' lang='lat' dir='ltr'>iniquitatem</span> <span class='ocrx_word' id='word_1_73' title='bbox 1326 721 1360 746; x_wconf 91' lang='lat' dir='ltr'>et</span> <span class='ocrx_word' id='word_1_74' title='bbox 1381 715 1606 746; x_wconf 87' lang='lat' dir='ltr'>moriantur”</span> <span class='ocrx_word' id='word_1_75' title='bbox 1626 716 1749 756; x_wconf 84' lang='lat' dir='ltr'><em>(Exod.</em></span> 
     </span>
     <span class='ocr_line' id='line_1_9' title="bbox 471 758 749 795; baseline 0 -8"><span class='ocrx_word' id='word_1_76' title='bbox 471 765 656 795; x_wconf 83' lang='lat' dir='ltr'>xxv111.42,</span> <span class='ocrx_word' id='word_1_77' title='bbox 673 758 749 795; x_wconf 86' lang='lat'>43);</span> 
     </span>
    </p>
   </div>
   <div class='ocr_carea' id='block_1_4' title="bbox 261 798 1750 1037">
    <p class='ocr_par' dir='ltr' id='par_1_4' title="bbox 261 798 381 848">
     <span class='ocr_line' id='line_1_10' title="bbox 261 798 381 848; baseline 0 -9"><span class='ocrx_word' id='word_1_78' title='bbox 261 798 381 848; x_wconf 89' lang='lat' dir='ltr'>alibi,</span> 
     </span>
    </p>

    <p class='ocr_par' dir='ltr' id='par_1_5' title="bbox 335 864 1750 992">
     <span class='ocr_line' id='line_1_11' title="bbox 335 864 1744 905; baseline 0.003 -9"><span class='ocrx_word' id='word_1_79' title='bbox 335 866 493 903; x_wconf 85' lang='lat' dir='ltr'>Aharon,</span> <span class='ocrx_word' id='word_1_80' title='bbox 515 875 593 896; x_wconf 93' lang='lat' dir='ltr'>cum</span> <span class='ocrx_word' id='word_1_81' title='bbox 618 866 762 896; x_wconf 89' lang='lat' dir='ltr'>intrabit</span> <span class='ocrx_word' id='word_1_82' title='bbox 792 866 826 896; x_wconf 92' lang='lat' dir='ltr'>in</span> <span class='ocrx_word' id='word_1_83' title='bbox 857 864 1030 904; x_wconf 58' lang='lat' dir='ltr'>sanctum,</span> <span class='ocrx_word' id='word_1_84' title='bbox 1057 866 1238 897; x_wconf 86' lang='lat' dir='ltr'>“tunicam</span> <span class='ocrx_word' id='word_1_85' title='bbox 1263 867 1325 898; x_wconf 91' lang='lat' dir='ltr'>lini</span> <span class='ocrx_word' id='word_1_86' title='bbox 1350 866 1549 899; x_wconf 67' lang='lat' dir='ltr'>sanctitatis</span> <span class='ocrx_word' id='word_1_87' title='bbox 1573 868 1744 905; x_wconf 83' lang='lat' dir='ltr'><strong>induet...</strong></span> 
     </span>
     <span class='ocr_line' id='line_1_12' title="bbox 435 909 1750 951; baseline 0.003 -12"><span class='ocrx_word' id='word_1_88' title='bbox 435 910 569 948; x_wconf 87' lang='lat' dir='ltr'>caligae</span> <span class='ocrx_word' id='word_1_89' title='bbox 587 909 649 939; x_wconf 90' lang='lat' dir='ltr'>lini</span> <span class='ocrx_word' id='word_1_90' title='bbox 667 915 770 940; x_wconf 85' lang='lat' dir='ltr'>erunt</span> <span class='ocrx_word' id='word_1_91' title='bbox 787 919 893 949; x_wconf 89' lang='lat' dir='ltr'>super</span> <span class='ocrx_word' id='word_1_92' title='bbox 910 919 1015 940; x_wconf 90' lang='lat' dir='ltr'>carne</span> <span class='ocrx_word' id='word_1_93' title='bbox 1033 909 1137 949; x_wconf 63' lang='lat' dir='ltr'>ejus„</span> <span class='ocrx_word' id='word_1_94' title='bbox 1152 911 1311 941; x_wconf 80' lang='lat' dir='ltr'>,baltheo</span> <span class='ocrx_word' id='word_1_95' title='bbox 1328 911 1390 941; x_wconf 91' lang='lat' dir='ltr'>lini</span> <span class='ocrx_word' id='word_1_96' title='bbox 1408 911 1526 951; x_wconf 83' lang='lat' dir='ltr'>cinget</span> <span class='ocrx_word' id='word_1_97' title='bbox 1542 921 1590 949; x_wconf 84' lang='lat' dir='ltr'>se,</span> <span class='ocrx_word' id='word_1_98' title='bbox 1605 918 1640 942; x_wconf 91' lang='lat' dir='ltr'>et</span> <span class='ocrx_word' id='word_1_99' title='bbox 1655 912 1750 943; x_wconf 87' lang='lat' dir='ltr'>cida-</span> 
     </span>
     <span class='ocr_line' id='line_1_13' title="bbox 436 953 1747 992; baseline 0.002 -9"><span class='ocrx_word' id='word_1_100' title='bbox 436 953 488 983; x_wconf 88' lang='lat' dir='ltr'>rin</span> <span class='ocrx_word' id='word_1_101' title='bbox 508 953 570 983; x_wconf 92' lang='lat' dir='ltr'>lini</span> <span class='ocrx_word' id='word_1_102' title='bbox 589 953 748 992; x_wconf 85' lang='lat' dir='ltr'>imponet</span> <span class='ocrx_word' id='word_1_103' title='bbox 765 953 831 984; x_wconf 86' lang='lat' dir='ltr'>sibi</span> <span class='ocrx_word' id='word_1_104' title='bbox 843 953 860 964; x_wconf 73' lang='lat'>&#39;’</span> <span class='ocrx_word' id='word_1_105' title='bbox 878 953 999 991; x_wconf 83' lang='lat' dir='ltr'>(Levit.</span> <span class='ocrx_word' id='word_1_106' title='bbox 1017 954 1085 984; x_wconf 87' lang='lat' dir='ltr'>xvi.</span> <span class='ocrx_word' id='word_1_107' title='bbox 1099 953 1154 991; x_wconf 87' lang='lat'>4);</span> <span class='ocrx_word' id='word_1_108' title='bbox 1743 964 1747 969; x_wconf 92' lang='lat'>·</span> 
     </span>
    </p>

    <p class='ocr_par' dir='ltr' id='par_1_6' title="bbox 336 996 1596 1037">
     <span class='ocr_line' id='line_1_14' title="bbox 336 996 1596 1037; baseline 0.002 -11"><span class='ocrx_word' id='word_1_109' title='bbox 336 996 439 1036; x_wconf 74' lang='lat' dir='ltr'>Quod</span> <span class='ocrx_word' id='word_1_110' title='bbox 456 997 599 1027; x_wconf 88' lang='lat' dir='ltr'>easdem</span> <span class='ocrx_word' id='word_1_111' title='bbox 618 1003 735 1026; x_wconf 89' lang='lat' dir='ltr'>vestes</span> <span class='ocrx_word' id='word_1_112' title='bbox 754 996 924 1033; x_wconf 86' lang='lat' dir='ltr'>indueret,</span> <span class='ocrx_word' id='word_1_113' title='bbox 944 1006 1022 1027; x_wconf 89' lang='lat' dir='ltr'>cum</span> <span class='ocrx_word' id='word_1_114' title='bbox 1040 997 1198 1036; x_wconf 84' lang='lat' dir='ltr'>expiaret</span> <span class='ocrx_word' id='word_1_115' title='bbox 1215 997 1383 1036; x_wconf 90' lang='lat' dir='ltr'>populum</span> <span class='ocrx_word' id='word_1_116' title='bbox 1402 996 1506 1034; x_wconf 89' lang='lat' dir='ltr'>(vers.</span> <span class='ocrx_word' id='word_1_117' title='bbox 1521 997 1596 1037; x_wconf 85' lang='lat'>32);</span> 
     </span>
    </p>
   </div>
   <div class='ocr_carea' id='block_1_5' title="bbox 336 1039 1750 1124">
    <p class='ocr_par' dir='ltr' id='par_1_7' title="bbox 336 1039 1750 1124">
     <span class='ocr_line' id='line_1_15' title="bbox 336 1039 1750 1124; baseline 0.001 -53"><span class='ocrx_word' id='word_1_118' title='bbox 336 1040 427 1071; x_wconf 91' lang='lat' dir='ltr'>Tum</span> <span class='ocrx_word' id='word_1_119' title='bbox 439 1040 591 1124; x_wconf 48' lang='lat' dir='ltr'>[353³de</span> <span class='ocrx_word' id='word_1_120' title='bbox 612 1040 752 1124; x_wconf 50' lang='lat' dir='ltr'>{pileret</span> <span class='ocrx_word' id='word_1_121' title='bbox 772 1041 927 1070; x_wconf 87' lang='lat' dir='ltr'>cinerem</span> <span class='ocrx_word' id='word_1_122' title='bbox 949 1050 992 1070; x_wconf 86' lang='lat' dir='ltr'>ex</span> <span class='ocrx_word' id='word_1_123' title='bbox 1011 1040 1113 1071; x_wconf 85' lang='lat' dir='ltr'>altari</span> <span class='ocrx_word' id='word_1_124' title='bbox 1134 1047 1214 1080; x_wconf 88' lang='lat' dir='ltr'>post</span> <span class='ocrx_word' id='word_1_125' title='bbox 1234 1040 1480 1071; x_wconf 85' lang='lat' dir='ltr'>holocaustum</span> <span class='ocrx_word' id='word_1_126' title='bbox 1501 1041 1622 1081; x_wconf 78' lang='lat' dir='ltr'>(Levit.</span> <span class='ocrx_word' id='word_1_127' title='bbox 1636 1041 1681 1073; x_wconf 91' lang='lat' dir='ltr'>vi.</span> <span class='ocrx_word' id='word_1_128' title='bbox 1696 1039 1750 1080; x_wconf 78' lang='lat'>[²13</span> 
     </span>
     <span class='ocr_line' id='line_1_16' title="bbox 491 1091 651 1114; baseline -0.006 0"><span class='ocrx_word' id='word_1_129' title='bbox 491 1107 497 1114; x_wconf 90' lang='lat'><strong>.</strong></span> <span class='ocrx_word' id='word_1_130' title='bbox 547 1107 553 1114; x_wconf 88' lang='lat'><strong>.</strong></span> <span class='ocrx_word' id='word_1_131' title='bbox 571 1091 612 1113; x_wconf 89' lang='lat' dir='ltr'>IO</span> <span class='ocrx_word' id='word_1_132' title='bbox 645 1107 651 1114; x_wconf 92' lang='lat'><strong>.</strong></span> 
     </span>
    </p>
   </div>
   <div class='ocr_carea' id='block_1_6' title="bbox 262 1168 1750 1280">
    <p class='ocr_par' dir='ltr' id='par_1_8' title="bbox 262 1168 1750 1280">
     <span class='ocr_line' id='line_1_17' title="bbox 264 1168 1750 1223; baseline 0.001 -14"><span class='ocrx_word' id='word_1_133' title='bbox 264 1168 480 1210; x_wconf 83' lang='lat' dir='ltr'>Similiter</span> <span class='ocrx_word' id='word_1_134' title='bbox 520 1169 780 1209; x_wconf 90' lang='lat' dir='ltr'>sacerdotes</span> <span class='ocrx_word' id='word_1_135' title='bbox 821 1169 1115 1209; x_wconf 79' lang='lat' dir='ltr'>ministraturi</span> <span class='ocrx_word' id='word_1_136' title='bbox 1160 1169 1203 1209; x_wconf 93' lang='lat' dir='ltr'>in</span> <span class='ocrx_word' id='word_1_137' title='bbox 1250 1183 1369 1210; x_wconf 89' lang='lat' dir='ltr'>novo</span> <span class='ocrx_word' id='word_1_138' title='bbox 1415 1169 1588 1223; x_wconf 91' lang='lat' dir='ltr'>templo</span> <span class='ocrx_word' id='word_1_139' title='bbox 1632 1170 1750 1223; x_wconf 90' lang='lat' dir='ltr'>apud</span> 
     </span>
     <span class='ocr_line' id='line_1_18' title="bbox 262 1231 547 1280; baseline -0.004 -7"><span class='ocrx_word' id='word_1_140' title='bbox 262 1231 547 1280; x_wconf 70' lang='lat' dir='ltr'><em>Ezechielem,</em></span> 
     </span>
    </p>
   </div>
   <div class='ocr_carea' id='block_1_7' title="bbox 337 1319 1751 1491">
    <p class='ocr_par' dir='ltr' id='par_1_9' title="bbox 337 1319 1751 1491">
     <span class='ocr_line' id='line_1_19' title="bbox 337 1319 1751 1361; baseline -0.001 -8"><span class='ocrx_word' id='word_1_141' title='bbox 337 1321 427 1353; x_wconf 88' lang='lat' dir='ltr'>Cum</span> <span class='ocrx_word' id='word_1_142' title='bbox 442 1321 678 1352; x_wconf 87' lang='lat' dir='ltr'>“Sacerdotes</span> <span class='ocrx_word' id='word_1_143' title='bbox 694 1320 838 1351; x_wconf 83' lang='lat' dir='ltr'>Levitae</span> <span class='ocrx_word' id='word_1_144' title='bbox 853 1320 913 1351; x_wconf 89' lang='lat' dir='ltr'>filii</span> <span class='ocrx_word' id='word_1_145' title='bbox 932 1319 1102 1351; x_wconf 89' lang='lat' dir='ltr'>Zadochi.</span> <span class='ocrx_word' id='word_1_146' title='bbox 1118 1345 1124 1352; x_wconf 93' lang='lat'>.</span> <span class='ocrx_word' id='word_1_147' title='bbox 1139 1345 1146 1352; x_wconf 88' lang='lat'><strong>.</strong></span> <span class='ocrx_word' id='word_1_148' title='bbox 1162 1321 1358 1352; x_wconf 87' lang='lat' dir='ltr'>.intrabunt</span> <span class='ocrx_word' id='word_1_149' title='bbox 1372 1321 1416 1351; x_wconf 90' lang='lat' dir='ltr'>ad</span> <span class='ocrx_word' id='word_1_150' title='bbox 1433 1327 1552 1361; x_wconf 86' lang='lat' dir='ltr'>portas</span> <span class='ocrx_word' id='word_1_151' title='bbox 1566 1321 1645 1351; x_wconf 87' lang='lat' dir='ltr'>atrii</span> <span class='ocrx_word' id='word_1_152' title='bbox 1664 1321 1751 1352; x_wconf 87' lang='lat' dir='ltr'>inte-</span> 
     </span>
     <span class='ocr_line' id='line_1_20' title="bbox 437 1365 1751 1404; baseline -0.001 -8"><span class='ocrx_word' id='word_1_153' title='bbox 437 1365 550 1398; x_wconf 87' lang='lat' dir='ltr'>rioris.</span> <span class='ocrx_word' id='word_1_154' title='bbox 565 1371 683 1395; x_wconf 85' lang='lat' dir='ltr'>vestes</span> <span class='ocrx_word' id='word_1_155' title='bbox 701 1365 764 1394; x_wconf 90' lang='lat' dir='ltr'>lini</span> <span class='ocrx_word' id='word_1_156' title='bbox 782 1365 940 1401; x_wconf 87' lang='lat' dir='ltr'>induent,</span> <span class='ocrx_word' id='word_1_157' title='bbox 956 1374 1020 1394; x_wconf 87' lang='lat' dir='ltr'>nec</span> <span class='ocrx_word' id='word_1_158' title='bbox 1037 1365 1204 1395; x_wconf 85' lang='lat' dir='ltr'>ascendet</span> <span class='ocrx_word' id='word_1_159' title='bbox 1221 1374 1327 1404; x_wconf 89' lang='lat' dir='ltr'>super</span> <span class='ocrx_word' id='word_1_160' title='bbox 1344 1374 1406 1395; x_wconf 86' lang='lat' dir='ltr'>eos</span> <span class='ocrx_word' id='word_1_161' title='bbox 1424 1365 1515 1402; x_wconf 84' lang='lat' dir='ltr'>lana,</span> <span class='ocrx_word' id='word_1_162' title='bbox 1529 1365 1670 1404; x_wconf 87' lang='lat' dir='ltr'>quando</span> <span class='ocrx_word' id='word_1_163' title='bbox 1687 1365 1751 1395; x_wconf 92' lang='lat' dir='ltr'>mi-</span> 
     </span>
     <span class='ocr_line' id='line_1_21' title="bbox 437 1408 1751 1448; baseline 0 -9"><span class='ocrx_word' id='word_1_164' title='bbox 437 1409 638 1439; x_wconf 88' lang='lat' dir='ltr'>nistrabunt</span> <span class='ocrx_word' id='word_1_165' title='bbox 656 1408 691 1438; x_wconf 92' lang='lat' dir='ltr'>in</span> <span class='ocrx_word' id='word_1_166' title='bbox 710 1408 822 1448; x_wconf 85' lang='lat' dir='ltr'>portis</span> <span class='ocrx_word' id='word_1_167' title='bbox 835 1408 915 1438; x_wconf 86' lang='lat' dir='ltr'>atrii</span> <span class='ocrx_word' id='word_1_168' title='bbox 934 1408 1111 1438; x_wconf 83' lang='lat' dir='ltr'>interioris</span> <span class='ocrx_word' id='word_1_169' title='bbox 1125 1414 1160 1438; x_wconf 92' lang='lat' dir='ltr'>et</span> <span class='ocrx_word' id='word_1_170' title='bbox 1177 1408 1368 1438; x_wconf 84' lang='lat' dir='ltr'>introrsum</span> <span class='ocrx_word' id='word_1_171' title='bbox 1383 1419 1390 1439; x_wconf 71' lang='grc' dir='ltr'>ε</span> <span class='ocrx_word' id='word_1_172' title='bbox 1416 1408 1549 1439; x_wconf 87' lang='lat' dir='ltr'>cidares</span> <span class='ocrx_word' id='word_1_173' title='bbox 1567 1408 1629 1438; x_wconf 91' lang='lat' dir='ltr'>lini</span> <span class='ocrx_word' id='word_1_174' title='bbox 1647 1414 1751 1440; x_wconf 88' lang='lat' dir='ltr'>erunt</span> 
     </span>
     <span class='ocr_line' id='line_1_22' title="bbox 437 1451 1750 1491; baseline 0.001 -9"><span class='ocrx_word' id='word_1_175' title='bbox 437 1461 544 1491; x_wconf 88' lang='lat' dir='ltr'>super</span> <span class='ocrx_word' id='word_1_176' title='bbox 558 1452 672 1491; x_wconf 88' lang='lat' dir='ltr'>capite</span> <span class='ocrx_word' id='word_1_177' title='bbox 686 1461 820 1487; x_wconf 86' lang='lat' dir='ltr'>eorum,</span> <span class='ocrx_word' id='word_1_178' title='bbox 834 1458 869 1482; x_wconf 91' lang='lat' dir='ltr'>et</span> <span class='ocrx_word' id='word_1_179' title='bbox 882 1451 1016 1491; x_wconf 88' lang='lat' dir='ltr'>caligae</span> <span class='ocrx_word' id='word_1_180' title='bbox 1031 1451 1093 1481; x_wconf 87' lang='lat' dir='ltr'>lini</span> <span class='ocrx_word' id='word_1_181' title='bbox 1108 1457 1211 1482; x_wconf 89' lang='lat' dir='ltr'>erunt</span> <span class='ocrx_word' id='word_1_182' title='bbox 1224 1461 1331 1491; x_wconf 88' lang='lat' dir='ltr'>super</span> <span class='ocrx_word' id='word_1_183' title='bbox 1344 1451 1472 1482; x_wconf 89' lang='lat' dir='ltr'>lumbis</span> <span class='ocrx_word' id='word_1_184' title='bbox 1486 1461 1609 1482; x_wconf 91' lang='lat' dir='ltr'>eorum</span> <span class='ocrx_word' id='word_1_185' title='bbox 1624 1451 1641 1463; x_wconf 86' lang='lat'>&#39;’</span> <span class='ocrx_word' id='word_1_186' title='bbox 1655 1451 1750 1491; x_wconf 86' lang='lat' dir='ltr'>(xliv.</span> 
     </span>
    </p>
   </div>
   <div class='ocr_carea' id='block_1_8' title="bbox 439 1493 679 1537">
    <p class='ocr_par' dir='ltr' id='par_1_10' title="bbox 439 1493 679 1537">
     <span class='ocr_line' id='line_1_23' title="bbox 439 1493 679 1537; baseline -0.008 0"><span class='ocrx_word' id='word_1_187' title='bbox 439 1493 523 1537; x_wconf 82' lang='lat'><strong>[15‚]</strong></span> <span class='ocrx_word' id='word_1_188' title='bbox 543 1503 590 1533; x_wconf 80' lang='lat'>17,</span> <span class='ocrx_word' id='word_1_189' title='bbox 610 1495 679 1535; x_wconf 78' lang='lat'>18):</span> 
     </span>
    </p>
   </div>
   <div class='ocr_carea' id='block_1_9' title="bbox 263 1576 1751 2518">
    <p class='ocr_par' dir='ltr' id='par_1_11' title="bbox 263 1576 1751 2518">
     <span class='ocr_line' id='line_1_24' title="bbox 263 1576 1747 1637; baseline -0.001 -13"><span class='ocrx_word' id='word_1_190' title='bbox 263 1597 398 1624; x_wconf 88' lang='lat' dir='ltr'>causa</span> <span class='ocrx_word' id='word_1_191' title='bbox 421 1583 540 1637; x_wconf 89' lang='lat' dir='ltr'>quod</span> <span class='ocrx_word' id='word_1_192' title='bbox 566 1576 807 1624; x_wconf 78' lang='lat' dir='ltr'>induerunt</span> <span class='ocrx_word' id='word_1_193' title='bbox 830 1588 982 1623; x_wconf 88' lang='lat' dir='ltr'>vestes</span> <span class='ocrx_word' id='word_1_194' title='bbox 1010 1582 1087 1622; x_wconf 91' lang='lat' dir='ltr'>lini</span> <span class='ocrx_word' id='word_1_195' title='bbox 1111 1596 1211 1623; x_wconf 88' lang='lat' dir='ltr'>cum</span> <span class='ocrx_word' id='word_1_196' title='bbox 1235 1583 1552 1624; x_wconf 83' lang='lat' dir='ltr'>ministrabant</span> <span class='ocrx_word' id='word_1_197' title='bbox 1576 1581 1747 1630; x_wconf 61' lang='lat' dir='ltr'>sancta,</span> 
     </span>
     <span class='ocr_line' id='line_1_25' title="bbox 263 1644 1750 1699; baseline 0 -13"><span class='ocrx_word' id='word_1_198' title='bbox 263 1653 374 1694; x_wconf 87' lang='lat' dir='ltr'>erat,</span> <span class='ocrx_word' id='word_1_199' title='bbox 403 1647 504 1699; x_wconf 88' lang='lat' dir='ltr'>quia</span> <span class='ocrx_word' id='word_1_200' title='bbox 529 1646 673 1686; x_wconf 90' lang='lat' dir='ltr'>omnis</span> <span class='ocrx_word' id='word_1_201' title='bbox 699 1646 1029 1687; x_wconf 84' lang='lat' dir='ltr'>administratio</span> <span class='ocrx_word' id='word_1_202' title='bbox 1054 1645 1209 1687; x_wconf 72' lang='lat' dir='ltr'>sanc‘ta</span> <span class='ocrx_word' id='word_1_203' title='bbox 1234 1645 1283 1687; x_wconf 86' lang='lat' dir='ltr'>fit</span> <span class='ocrx_word' id='word_1_204' title='bbox 1315 1659 1394 1699; x_wconf 90' lang='lat' dir='ltr'>per</span> <span class='ocrx_word' id='word_1_205' title='bbox 1420 1646 1630 1686; x_wconf 90' lang='lat' dir='ltr'>Divinum</span> <span class='ocrx_word' id='word_1_206' title='bbox 1657 1644 1750 1686; x_wconf 90' lang='lat' dir='ltr'>Ve-</span> 
     </span>
     <span class='ocr_line' id='line_1_26' title="bbox 263 1708 1751 1762; baseline 0 -13"><span class='ocrx_word' id='word_1_207' title='bbox 263 1722 386 1759; x_wconf 88' lang='lat' dir='ltr'>rum;</span> <span class='ocrx_word' id='word_1_208' title='bbox 421 1709 721 1749; x_wconf 87' lang='lat' dir='ltr'>sacerdotium</span> <span class='ocrx_word' id='word_1_209' title='bbox 759 1710 891 1758; x_wconf 90' lang='lat' dir='ltr'>enim,</span> <span class='ocrx_word' id='word_1_210' title='bbox 925 1723 1012 1762; x_wconf 92' lang='lat' dir='ltr'>quo</span> <span class='ocrx_word' id='word_1_211' title='bbox 1047 1709 1349 1762; x_wconf 82' lang='lat' dir='ltr'>fungebantur</span> <span class='ocrx_word' id='word_1_212' title='bbox 1379 1708 1567 1749; x_wconf 87' lang='lat' dir='ltr'>Aharon</span> <span class='ocrx_word' id='word_1_213' title='bbox 1599 1715 1644 1750; x_wconf 88' lang='lat' dir='ltr'>et</span> <span class='ocrx_word' id='word_1_214' title='bbox 1677 1708 1751 1750; x_wconf 90' lang='lat' dir='ltr'>filii</span> 
     </span>
     <span class='ocr_line' id='line_1_27' title="bbox 264 1770 1749 1825; baseline 0 -14"><span class='ocrx_word' id='word_1_215' title='bbox 264 1772 370 1824; x_wconf 91' lang='lat' dir='ltr'>ejus,</span> <span class='ocrx_word' id='word_1_216' title='bbox 399 1770 805 1824; x_wconf 76' lang='lat' dir='ltr'>1³1repraesentabat</span> <span class='ocrx_word' id='word_1_217' title='bbox 838 1772 1083 1812; x_wconf 91' lang='lat' dir='ltr'>Dominum</span> <span class='ocrx_word' id='word_1_218' title='bbox 1115 1772 1263 1825; x_wconf 89' lang='lat' dir='ltr'>quoad</span> <span class='ocrx_word' id='word_1_219' title='bbox 1302 1772 1514 1812; x_wconf 88' lang='lat' dir='ltr'>Divinum</span> <span class='ocrx_word' id='word_1_220' title='bbox 1547 1771 1749 1822; x_wconf 86' lang='lat' dir='ltr'>Bonum;</span> 
     </span>
     <span class='ocr_line' id='line_1_28' title="bbox 263 1834 1751 1886; baseline 0 -12"><span class='ocrx_word' id='word_1_221' title='bbox 263 1835 348 1874; x_wconf 89' lang='lat' dir='ltr'>hoc</span> <span class='ocrx_word' id='word_1_222' title='bbox 377 1835 600 1874; x_wconf 85' lang='lat' dir='ltr'>ministrat</span> <span class='ocrx_word' id='word_1_223' title='bbox 622 1835 771 1874; x_wconf 89' lang='lat' dir='ltr'>omnia</span> <span class='ocrx_word' id='word_1_224' title='bbox 797 1848 875 1886; x_wconf 90' lang='lat' dir='ltr'>per</span> <span class='ocrx_word' id='word_1_225' title='bbox 898 1835 1108 1875; x_wconf 91' lang='lat' dir='ltr'>Divinum</span> <span class='ocrx_word' id='word_1_226' title='bbox 1132 1835 1315 1875; x_wconf 89' lang='lat' dir='ltr'>Verum.</span> <span class='ocrx_word' id='word_1_227' title='bbox 1378 1834 1588 1874; x_wconf 90' lang='lat' dir='ltr'>Divinum</span> <span class='ocrx_word' id='word_1_228' title='bbox 1614 1835 1751 1875; x_wconf 90' lang='lat' dir='ltr'>etiam</span> 
     </span>
     <span class='ocr_line' id='line_1_29' title="bbox 264 1897 1750 1951; baseline 0 -14"><span class='ocrx_word' id='word_1_229' title='bbox 264 1897 435 1937; x_wconf 89' lang='lat' dir='ltr'>Verum</span> <span class='ocrx_word' id='word_1_230' title='bbox 468 1904 642 1938; x_wconf 84' lang='lat' dir='ltr'>tutatur</span> <span class='ocrx_word' id='word_1_231' title='bbox 672 1911 698 1937; x_wconf 91' lang='lat' dir='ltr'>a</span> <span class='ocrx_word' id='word_1_232' title='bbox 728 1897 848 1937; x_wconf 83' lang='lat' dir='ltr'>falsis</span> <span class='ocrx_word' id='word_1_233' title='bbox 879 1905 924 1938; x_wconf 90' lang='lat' dir='ltr'>et</span> <span class='ocrx_word' id='word_1_234' title='bbox 958 1897 1098 1946; x_wconf 86' lang='lat' dir='ltr'>malis,</span> <span class='ocrx_word' id='word_1_235' title='bbox 1133 1911 1245 1951; x_wconf 88' lang='lat' dir='ltr'>quae</span> <span class='ocrx_word' id='word_1_236' title='bbox 1283 1897 1338 1937; x_wconf 93' lang='lat' dir='ltr'>ab</span> <span class='ocrx_word' id='word_1_237' title='bbox 1375 1897 1572 1947; x_wconf 89' lang='lat' dir='ltr'>inferno;</span> <span class='ocrx_word' id='word_1_238' title='bbox 1615 1911 1750 1951; x_wconf 88' lang='lat' dir='ltr'>quare</span> 
     </span>
     <span class='ocr_line' id='line_1_30' title="bbox 264 1959 1751 2013; baseline 0 -13"><span class='ocrx_word' id='word_1_239' title='bbox 264 1961 401 2000; x_wconf 89' lang='lat' dir='ltr'>etiam</span> <span class='ocrx_word' id='word_1_240' title='bbox 428 1960 602 2008; x_wconf 88' lang='lat' dir='ltr'>dicitur,</span> <span class='ocrx_word' id='word_1_241' title='bbox 634 1964 726 2000; x_wconf 87' lang='lat' dir='ltr'>“ne</span> <span class='ocrx_word' id='word_1_242' title='bbox 760 1967 943 2012; x_wconf 90' lang='lat' dir='ltr'>portent</span> <span class='ocrx_word' id='word_1_243' title='bbox 975 1961 1256 2013; x_wconf 85' lang='lat' dir='ltr'>iniquitatem</span> <span class='ocrx_word' id='word_1_244' title='bbox 1286 1966 1331 2000; x_wconf 87' lang='lat' dir='ltr'>et</span> <span class='ocrx_word' id='word_1_245' title='bbox 1363 1959 1647 2009; x_wconf 79' lang='lat' dir='ltr'>moriantur,’‘</span> <span class='ocrx_word' id='word_1_246' title='bbox 1673 1973 1751 2012; x_wconf 89' lang='lat' dir='ltr'>per</span> 
     </span>
     <span class='ocr_line' id='line_1_31' title="bbox 264 2020 1750 2076; baseline 0.001 -13"><span class='ocrx_word' id='word_1_247' title='bbox 264 2023 383 2076; x_wconf 91' lang='lat' dir='ltr'>quod</span> <span class='ocrx_word' id='word_1_248' title='bbox 417 2023 690 2075; x_wconf 81' lang='lat' dir='ltr'>significatur</span> <span class='ocrx_word' id='word_1_249' title='bbox 716 2023 835 2076; x_wconf 88' lang='lat' dir='ltr'>quod</span> <span class='ocrx_word' id='word_1_250' title='bbox 862 2023 1026 2076; x_wconf 88' lang='lat' dir='ltr'>alioqui</span> <span class='ocrx_word' id='word_1_251' title='bbox 1052 2023 1162 2063; x_wconf 87' lang='lat' dir='ltr'>falsa</span> <span class='ocrx_word' id='word_1_252' title='bbox 1188 2037 1246 2063; x_wconf 89' lang='lat' dir='ltr'>ex</span> <span class='ocrx_word' id='word_1_253' title='bbox 1278 2022 1448 2063; x_wconf 89' lang='lat' dir='ltr'>inferno</span> <span class='ocrx_word' id='word_1_254' title='bbox 1475 2020 1750 2075; x_wconf 77' lang='lat' dir='ltr'>[⁴¹perderent</span> 
     </span>
     <span class='ocr_line' id='line_1_32' title="bbox 263 2084 1751 2139; baseline 0 -13"><span class='ocrx_word' id='word_1_255' title='bbox 263 2086 377 2127; x_wconf 90' lang='lat' dir='ltr'>illos.</span> <span class='ocrx_word' id='word_1_256' title='bbox 440 2086 608 2127; x_wconf 88' lang='lat' dir='ltr'>Vestes</span> <span class='ocrx_word' id='word_1_257' title='bbox 645 2087 746 2126; x_wconf 89' lang='lat' dir='ltr'>illae</span> <span class='ocrx_word' id='word_1_258' title='bbox 783 2087 1061 2127; x_wconf 87' lang='lat' dir='ltr'>vocabantur</span> <span class='ocrx_word' id='word_1_259' title='bbox 1103 2091 1290 2126; x_wconf 86' lang='lat' dir='ltr'>“vestes</span> <span class='ocrx_word' id='word_1_260' title='bbox 1326 2084 1618 2134; x_wconf 66' lang='lat' dir='ltr'>san&amp;itatis,&#39;&#39;</span> <span class='ocrx_word' id='word_1_261' title='bbox 1649 2088 1751 2139; x_wconf 89' lang='lat' dir='ltr'>quia</span> 
     </span>
     <span class='ocr_line' id='line_1_33' title="bbox 263 2148 1750 2202; baseline -0.001 -13"><span class='ocrx_word' id='word_1_262' title='bbox 263 2148 480 2190; x_wconf 63' lang='lat' dir='ltr'>sanctitas</span> <span class='ocrx_word' id='word_1_263' title='bbox 518 2150 801 2202; x_wconf 88' lang='lat' dir='ltr'>praedicatur</span> <span class='ocrx_word' id='word_1_264' title='bbox 837 2150 892 2189; x_wconf 91' lang='lat' dir='ltr'>de</span> <span class='ocrx_word' id='word_1_265' title='bbox 931 2149 1094 2189; x_wconf 91' lang='lat' dir='ltr'>Divino</span> <span class='ocrx_word' id='word_1_266' title='bbox 1127 2149 1263 2189; x_wconf 89' lang='lat' dir='ltr'>Vero.</span> <span class='ocrx_word' id='word_1_267' title='bbox 1338 2148 1454 2201; x_wconf 78' lang='lat' dir='ltr'>Quia</span> <span class='ocrx_word' id='word_1_268' title='bbox 1485 2155 1635 2189; x_wconf 91' lang='lat' dir='ltr'>vestes</span> <span class='ocrx_word' id='word_1_269' title='bbox 1674 2149 1750 2189; x_wconf 93' lang='lat' dir='ltr'>lini</span> 
     </span>
     <span class='ocr_line' id='line_1_34' title="bbox 263 2212 1749 2264; baseline -0.001 -12"><span class='ocrx_word' id='word_1_270' title='bbox 263 2219 391 2253; x_wconf 86' lang='lat' dir='ltr'>erant</span> <span class='ocrx_word' id='word_1_271' title='bbox 410 2219 559 2252; x_wconf 88' lang='lat' dir='ltr'>vestes</span> <span class='ocrx_word' id='word_1_272' title='bbox 582 2213 826 2260; x_wconf 88' lang='lat' dir='ltr'>ministerii,</span> <span class='ocrx_word' id='word_1_273' title='bbox 846 2213 949 2252; x_wconf 91' lang='lat' dir='ltr'>inde</span> <span class='ocrx_word' id='word_1_274' title='bbox 973 2213 1232 2252; x_wconf 87' lang='lat' dir='ltr'>sacerdotes</span> <span class='ocrx_word' id='word_1_275' title='bbox 1255 2212 1500 2264; x_wconf 87' lang='lat' dir='ltr'>portabant</span> <span class='ocrx_word' id='word_1_276' title='bbox 1522 2212 1749 2264; x_wconf 89' lang='lat' dir='ltr'>ephodum</span> 
     </span>
     <span class='ocr_line' id='line_1_35' title="bbox 264 2273 1749 2377; baseline 0 -63"><span class='ocrx_word' id='word_1_277' title='bbox 264 2275 339 2315; x_wconf 91' lang='lat' dir='ltr'>lini</span> <span class='ocrx_word' id='word_1_278' title='bbox 358 2288 457 2315; x_wconf 91' lang='lat' dir='ltr'>cum</span> <span class='ocrx_word' id='word_1_279' title='bbox 482 2275 811 2324; x_wconf 85' lang='lat' dir='ltr'>ministrabant,</span> <span class='ocrx_word' id='word_1_280' title='bbox 832 2282 879 2315; x_wconf 87' lang='lat' dir='ltr'>ut</span> <span class='ocrx_word' id='word_1_281' title='bbox 900 2275 1063 2328; x_wconf 82' lang='lat' dir='ltr'>legitur</span> <span class='ocrx_word' id='word_1_282' title='bbox 1078 2275 1132 2315; x_wconf 92' lang='lat' dir='ltr'>de</span> <span class='ocrx_word' id='word_1_283' title='bbox 1152 2274 1357 2315; x_wconf 85' lang='lat' dir='ltr'>Samuele</span> <span class='ocrx_word' id='word_1_284' title='bbox 1384 2273 1423 2328; x_wconf 86' lang='lat'>(1</span> <span class='ocrx_word' id='word_1_285' title='bbox 1447 2273 1566 2314; x_wconf 79' lang='lat' dir='ltr'>Sam.</span> <span class='ocrx_word' id='word_1_286' title='bbox 1586 2275 1626 2314; x_wconf 91' lang='lat' dir='ltr'>ii.</span> <span class='ocrx_word' id='word_1_287' title='bbox 1651 2274 1718 2327; x_wconf 85' lang='lat'>18)</span> <span class='ocrx_word' id='word_1_288' title='bbox 1732 2289 1749 2377; x_wconf 86' lang='lat' dir='ltr'>t;</span> 
     </span>
     <span class='ocr_line' id='line_1_36' title="bbox 263 2336 1660 2391; baseline -0.001 -13"><span class='ocrx_word' id='word_1_289' title='bbox 263 2339 318 2378; x_wconf 90' lang='lat' dir='ltr'>de</span> <span class='ocrx_word' id='word_1_290' title='bbox 346 2339 658 2379; x_wconf 88' lang='lat' dir='ltr'>sacerdotibus</span> <span class='ocrx_word' id='word_1_291' title='bbox 690 2352 800 2391; x_wconf 91' lang='lat' dir='ltr'>quos</span> <span class='ocrx_word' id='word_1_292' title='bbox 832 2338 937 2379; x_wconf 83' lang='lat' dir='ltr'>Saul</span> <span class='ocrx_word' id='word_1_293' title='bbox 978 2339 1142 2379; x_wconf 89' lang='lat' dir='ltr'>occidit</span> <span class='ocrx_word' id='word_1_294' title='bbox 1185 2338 1224 2390; x_wconf 86' lang='grc' dir='ltr'>(Ι</span> <span class='ocrx_word' id='word_1_295' title='bbox 1263 2337 1382 2378; x_wconf 78' lang='lat' dir='ltr'>Sam</span> <span class='ocrx_word' id='word_1_296' title='bbox 1414 2338 1525 2377; x_wconf 85' lang='lat' dir='ltr'>xxii.</span> <span class='ocrx_word' id='word_1_297' title='bbox 1564 2336 1660 2390; x_wconf 87' lang='lat'>18);</span> 
     </span>
     <span class='ocr_line' id='line_1_37' title="bbox 263 2345 1749 2454; baseline -0.001 -13"><span class='ocrx_word' id='word_1_298' title='bbox 263 2415 440 2454; x_wconf 89' lang='lat' dir='ltr'>quoque</span> <span class='ocrx_word' id='word_1_299' title='bbox 463 2402 518 2442; x_wconf 91' lang='lat' dir='ltr'>de</span> <span class='ocrx_word' id='word_1_300' title='bbox 542 2401 716 2441; x_wconf 90' lang='lat' dir='ltr'>Davide</span> <span class='ocrx_word' id='word_1_301' title='bbox 741 2414 841 2441; x_wconf 86' lang='lat' dir='ltr'>cum</span> <span class='ocrx_word' id='word_1_302' title='bbox 864 2402 1051 2454; x_wconf 87' lang='lat' dir='ltr'>praeivit</span> <span class='ocrx_word' id='word_1_303' title='bbox 1074 2408 1179 2441; x_wconf 88' lang='lat' dir='ltr'>ante</span> <span class='ocrx_word' id='word_1_304' title='bbox 1207 2414 1356 2441; x_wconf 91' lang='lat' dir='ltr'>arcam</span> <span class='ocrx_word' id='word_1_305' title='bbox 1383 2399 1426 2454; x_wconf 89' lang='lat'>(2</span> <span class='ocrx_word' id='word_1_306' title='bbox 1451 2400 1569 2441; x_wconf 80' lang='lat' dir='ltr'>Sam.</span> <span class='ocrx_word' id='word_1_307' title='bbox 1585 2401 1638 2440; x_wconf 91' lang='lat' dir='ltr'>vi.</span> <span class='ocrx_word' id='word_1_308' title='bbox 1664 2345 1749 2453; x_wconf 68' lang='lat' dir='ltr'>14)t.</span> 
     </span>
     <span class='ocr_line' id='line_1_38' title="bbox 263 2463 1278 2518; baseline -0.002 -13"><span class='ocrx_word' id='word_1_309' title='bbox 263 2464 415 2505; x_wconf 85' lang='lat' dir='ltr'>Etiam</span> <span class='ocrx_word' id='word_1_310' title='bbox 438 2465 493 2505; x_wconf 92' lang='lat' dir='ltr'>de</span> <span class='ocrx_word' id='word_1_311' title='bbox 520 2464 624 2518; x_wconf 93' lang='lat' dir='ltr'>Ipso</span> <span class='ocrx_word' id='word_1_312' title='bbox 647 2464 844 2504; x_wconf 90' lang='lat' dir='ltr'>Domino</span> <span class='ocrx_word' id='word_1_313' title='bbox 870 2464 988 2516; x_wconf 90' lang='lat' dir='ltr'>apud</span> <span class='ocrx_word' id='word_1_314' title='bbox 1013 2463 1278 2512; x_wconf 75' lang='lat' dir='ltr'>Jolzannem,</span> 
     </span>
    </p>
   </div>
   <div class='ocr_carea' id='block_1_10' title="bbox 327 2553 1749 2682">
    <p class='ocr_par' dir='ltr' id='par_1_12' title="bbox 327 2553 1749 2682">
     <span class='ocr_line' id='line_1_39' title="bbox 327 2553 1748 2596; baseline -0.002 -10"><span class='ocrx_word' id='word_1_315' title='bbox 327 2553 465 2596; x_wconf 85' lang='lat' dir='ltr'>Jesus“</span> <span class='ocrx_word' id='word_1_316' title='bbox 475 2555 626 2585; x_wconf 88' lang='lat' dir='ltr'>surrexit</span> <span class='ocrx_word' id='word_1_317' title='bbox 638 2554 682 2585; x_wconf 91' lang='lat' dir='ltr'>de</span> <span class='ocrx_word' id='word_1_318' title='bbox 699 2564 795 2592; x_wconf 86' lang='lat' dir='ltr'>cena,</span> <span class='ocrx_word' id='word_1_319' title='bbox 810 2560 845 2585; x_wconf 90' lang='lat' dir='ltr'>et</span> <span class='ocrx_word' id='word_1_320' title='bbox 861 2554 1024 2594; x_wconf 86' lang='lat' dir='ltr'>deposuit</span> <span class='ocrx_word' id='word_1_321' title='bbox 1035 2554 1248 2584; x_wconf 88' lang='lat' dir='ltr'>vestimenta</span> <span class='ocrx_word' id='word_1_322' title='bbox 1265 2563 1337 2590; x_wconf 91' lang='lat' dir='ltr'>sua,</span> <span class='ocrx_word' id='word_1_323' title='bbox 1352 2558 1386 2584; x_wconf 92' lang='lat' dir='ltr'>et</span> <span class='ocrx_word' id='word_1_324' title='bbox 1397 2553 1575 2593; x_wconf 89' lang='lat' dir='ltr'>accipiens</span> <span class='ocrx_word' id='word_1_325' title='bbox 1589 2553 1748 2590; x_wconf 76' lang='lat' dir='ltr'>linteum,</span> 
     </span>
     <span class='ocr_line' id='line_1_40' title="bbox 437 2597 1749 2637; baseline -0.002 -8"><span class='ocrx_word' id='word_1_326' title='bbox 437 2604 472 2629; x_wconf 90' lang='lat' dir='ltr'>et</span> <span class='ocrx_word' id='word_1_327' title='bbox 489 2599 661 2629; x_wconf 85' lang='lat' dir='ltr'>succinxit</span> <span class='ocrx_word' id='word_1_328' title='bbox 679 2598 733 2635; x_wconf 88' lang='lat' dir='ltr'>Se,</span> <span class='ocrx_word' id='word_1_329' title='bbox 751 2604 786 2629; x_wconf 88' lang='lat' dir='ltr'>et</span> <span class='ocrx_word' id='word_1_330' title='bbox 802 2598 899 2629; x_wconf 89' lang='lat' dir='ltr'>misit</span> <span class='ocrx_word' id='word_1_331' title='bbox 916 2607 1044 2637; x_wconf 87' lang='lat' dir='ltr'>aquam</span> <span class='ocrx_word' id='word_1_332' title='bbox 1069 2597 1104 2628; x_wconf 93' lang='lat' dir='ltr'>in</span> <span class='ocrx_word' id='word_1_333' title='bbox 1125 2598 1267 2637; x_wconf 86' lang='lat' dir='ltr'>pelvim,</span> <span class='ocrx_word' id='word_1_334' title='bbox 1285 2607 1324 2627; x_wconf 90' lang='lat' dir='ltr'>ac</span> <span class='ocrx_word' id='word_1_335' title='bbox 1346 2597 1476 2636; x_wconf 87' lang='lat' dir='ltr'>incepit</span> <span class='ocrx_word' id='word_1_336' title='bbox 1500 2597 1619 2627; x_wconf 88' lang='lat' dir='ltr'>lavare</span> <span class='ocrx_word' id='word_1_337' title='bbox 1640 2598 1749 2637; x_wconf 87' lang='lat' dir='ltr'>pedes</span> 
     </span>
     <span class='ocr_line' id='line_1_41' title="bbox 436 2638 1748 2682; baseline 0.001 -10"><span class='ocrx_word' id='word_1_338' title='bbox 436 2642 699 2682; x_wconf 86' lang='lat' dir='ltr'>discipulorum,</span> <span class='ocrx_word' id='word_1_339' title='bbox 726 2649 761 2672; x_wconf 90' lang='lat' dir='ltr'>et</span> <span class='ocrx_word' id='word_1_340' title='bbox 792 2642 995 2681; x_wconf 86' lang='lat' dir='ltr'>abstergere</span> <span class='ocrx_word' id='word_1_341' title='bbox 1027 2641 1146 2679; x_wconf 89' lang='lat' dir='ltr'>linteo,</span> <span class='ocrx_word' id='word_1_342' title='bbox 1172 2650 1241 2681; x_wconf 91' lang='lat' dir='ltr'>quo</span> <span class='ocrx_word' id='word_1_343' title='bbox 1273 2639 1470 2672; x_wconf 66' lang='lat' dir='ltr'>succinctus</span> <span class='ocrx_word' id='word_1_344' title='bbox 1502 2640 1604 2671; x_wconf 83' lang='lat' dir='ltr'>erat’&#39;</span> <span class='ocrx_word' id='word_1_345' title='bbox 1629 2638 1748 2680; x_wconf 79' lang='lat' dir='ltr'>([51xiii.</span> 
     </span>
    </p>
   </div>
   <div class='ocr_carea' id='block_1_11' title="bbox 434 2685 532 2725">
    <p class='ocr_par' dir='ltr' id='par_1_13' title="bbox 434 2685 532 2725">
     <span class='ocr_line' id='line_1_42' title="bbox 434 2685 532 2725; baseline 0 0"><span class='ocrx_word' id='word_1_346' title='bbox 434 2685 532 2725; x_wconf 79' lang='lat'><strong>4‚5):</strong></span> 
     </span>
    </p>
   </div>
   <div class='ocr_carea' id='block_1_12' title="bbox 261 2771 1748 2952">
    <p class='ocr_par' dir='ltr' id='par_1_14' title="bbox 261 2771 1748 2952">
     <span class='ocr_line' id='line_1_43' title="bbox 262 2771 1746 2827; baseline -0.002 -12"><span class='ocrx_word' id='word_1_347' title='bbox 262 2774 430 2816; x_wconf 85' lang='lat' dir='ltr'>lavatio</span> <span class='ocrx_word' id='word_1_348' title='bbox 457 2774 620 2827; x_wconf 90' lang='lat' dir='ltr'>pedum</span> <span class='ocrx_word' id='word_1_349' title='bbox 648 2773 965 2826; x_wconf 89' lang='lat' dir='ltr'>discipulorum</span> <span class='ocrx_word' id='word_1_350' title='bbox 991 2771 1363 2826; x_wconf 88' lang='lat' dir='ltr'>repraesentabat</span> <span class='ocrx_word' id='word_1_351' title='bbox 1395 2778 1441 2812; x_wconf 91' lang='lat' dir='ltr'>et</span> <span class='ocrx_word' id='word_1_352' title='bbox 1474 2771 1576 2812; x_wconf 85' lang='lat' dir='ltr'>inde</span> <span class='ocrx_word' id='word_1_353' title='bbox 1608 2772 1746 2825; x_wconf 86' lang='lat' dir='ltr'>signi-</span> 
     </span>
     <span class='ocr_line' id='line_1_44' title="bbox 261 2835 1747 2890; baseline -0.002 -11"><span class='ocrx_word' id='word_1_354' title='bbox 261 2838 425 2879; x_wconf 89' lang='lat' dir='ltr'>ficabat</span> <span class='ocrx_word' id='word_1_355' title='bbox 452 2836 806 2890; x_wconf 84' lang='lat' dir='ltr'>purificationem</span> <span class='ocrx_word' id='word_1_356' title='bbox 830 2851 855 2877; x_wconf 91' lang='lat' dir='ltr'>a</span> <span class='ocrx_word' id='word_1_357' title='bbox 877 2836 1004 2876; x_wconf 86' lang='lat' dir='ltr'>malis</span> <span class='ocrx_word' id='word_1_358' title='bbox 1027 2842 1072 2876; x_wconf 89' lang='lat' dir='ltr'>et</span> <span class='ocrx_word' id='word_1_359' title='bbox 1095 2835 1229 2883; x_wconf 82' lang='lat' dir='ltr'>falsis,</span> <span class='ocrx_word' id='word_1_360' title='bbox 1249 2848 1274 2875; x_wconf 91' lang='lat' dir='ltr'>a</span> <span class='ocrx_word' id='word_1_361' title='bbox 1301 2835 1497 2875; x_wconf 91' lang='lat' dir='ltr'>Domino</span> <span class='ocrx_word' id='word_1_362' title='bbox 1520 2849 1598 2888; x_wconf 90' lang='lat' dir='ltr'>per</span> <span class='ocrx_word' id='word_1_363' title='bbox 1621 2835 1747 2876; x_wconf 92' lang='lat' dir='ltr'>Divi-</span> 
     </span>
     <span class='ocr_line' id='line_1_45' title="bbox 261 2896 1748 2952; baseline -0.002 -11"><span class='ocrx_word' id='word_1_364' title='bbox 261 2914 367 2941; x_wconf 89' lang='lat' dir='ltr'>num</span> <span class='ocrx_word' id='word_1_365' title='bbox 394 2900 594 2952; x_wconf 88' lang='lat' dir='ltr'>Verum;</span> <span class='ocrx_word' id='word_1_366' title='bbox 628 2901 772 2941; x_wconf 90' lang='lat' dir='ltr'>omnis</span> <span class='ocrx_word' id='word_1_367' title='bbox 800 2900 917 2941; x_wconf 91' lang='lat' dir='ltr'>enim</span> <span class='ocrx_word' id='word_1_368' title='bbox 944 2898 1191 2952; x_wconf 88' lang='lat' dir='ltr'>purificatio</span> <span class='ocrx_word' id='word_1_369' title='bbox 1218 2912 1243 2938; x_wconf 91' lang='lat' dir='ltr'>a</span> <span class='ocrx_word' id='word_1_370' title='bbox 1270 2898 1396 2938; x_wconf 88' lang='lat' dir='ltr'>malis</span> <span class='ocrx_word' id='word_1_371' title='bbox 1424 2904 1468 2938; x_wconf 89' lang='lat' dir='ltr'>et</span> <span class='ocrx_word' id='word_1_372' title='bbox 1495 2897 1615 2938; x_wconf 87' lang='lat' dir='ltr'>falsis</span> <span class='ocrx_word' id='word_1_373' title='bbox 1641 2896 1690 2938; x_wconf 88' lang='lat' dir='ltr'>fit</span> <span class='ocrx_word' id='word_1_374' title='bbox 1722 2911 1748 2938; x_wconf 87' lang='lat' dir='ltr'>a</span> 
     </span>
    </p>
   </div>
  </div>
 </body>
</html>
