1962 3328
658 285 764 319 CAP.
789 285 885 325 xv„
908 285 1045 317 VERs.
1071 284 1213 328 5.-Ν.
1234 275 1331 327 948.
1618 281 1727 326 2505

250 400 353 441 dein
377 399 640 446 Israelitica,
665 405 768 452 post
794 398 911 439 hanc
933 398 1014 438 suit
1036 396 1306 443 Christiana,
1330 402 1377 436 et
1401 408 1516 435 nunc
1544 394 1729 435 incohat

250 462 395 503 Nova.
471 462 633 502 Divina
663 475 770 501 vera
805 461 965 501 intima
995 460 1170 500 suerunt
1202 459 1404 500 revelata
1439 457 1527 498 illis
1563 457 1637 510 qui
1673 456 1731 496 ab

250 524 580 578 Antiquissima
606 523 812 564 Ecclesia
837 522 1039 571 fuerunt;
1078 522 1242 561 Divina
1273 528 1427 561 autem
1459 533 1566 560 vera
1596 525 1730 559 exte-

249 587 365 627 riora
394 587 570 627 fuerunt
602 585 803 626 revelata
839 585 926 624 illis
961 585 1035 638 qui
1071 585 1128 624 ab
1159 583 1364 636 Antiqua
1398 582 1606 623 Ecclesia
1637 581 1730 621 fue-

249 656 380 699 runt;
422 655 470 689 at
502 648 664 688 Divina
694 662 799 688 vera
831 654 1038 687 extrema
1069 661 1146 687 seu
1178 646 1337 686 ultima
1368 645 1603 685 Ecclesiae
1636 643 1730 684 He·

249 711 426 758 braeae,
454 724 506 751 ac
538 711 719 751 demum
752 710 1042 756 Israeliticae‚
1070 722 1171 749 cum
1202 722 1289 761 qua
1319 707 1511 748 ecclesia
1543 706 1730 747 tandem

250 787 385 814 omne
411 773 622 813 Divinum
648 772 816 812 Verum
850 773 995 824 periit,
1022 784 1126 811 nam
1157 772 1201 810 in
1228 770 1383 810 Verbo
1408 769 1595 810 tandem
1622 767 1731 807 nihil

248 835 330 876 fuit
359 835 478 888 quod
515 847 605 874 non
636 834 967 883 adulteratum;
1008 840 1055 873 at
1093 840 1196 885 post
1234 832 1326 884 ejus
1362 831 1497 872 finem
1528 830 1733 871 revelata

251 904 356 938 sunt
388 898 551 938 Divina
575 911 681 938 vera
711 898 923 937 interiora
954 909 1034 948 pro
1060 895 1267 936 Ecclesia
1292 894 1548 936 Christiana
1579 907 1605 933 a
1637 893 1731 932 Do-

253 961 402 1009 mino;
435 967 481 1000 et
508 973 624 1000 nunc
651 959 797 999 adhuc
823 959 1037 999 interiora
1061 972 1166 998 vera
1192 972 1274 1010 pro
1298 964 1488 997 ventura
1513 955 1731 1002 ecclesia;

251 1023 465 1062 interiora
495 1021 571 1062 illa
602 1035 707 1062 vera
738 1027 843 1061 sunt
879 1026 993 1073 qua‘e
1028 1021 1072 1060 in
1110 1034 1243 1060 sensu
1274 1020 1453 1060 interno
1489 1032 1567 1058 seu
1603 1017 1731 1070 spiri-

251 1084 362 1124 tuali
395 1084 532 1124 Verbi
570 1090 687 1124 sunt.
750 1083 824 1123 Ex
861 1082 930 1123 his
966 1089 1096 1135 patet
1132 1083 1252 1135 quod
1289 1081 1545 1135 progressio
1582 1080 1733 1135 Divini

252 1146 363 1186 Veri
387 1146 515 1186 suerit
541 1145 598 1186 ab
623 1146 791 1186 intimis
817 1146 874 1185 ad
900 1145 1071 1192 ultima,
1094 1146 1159 1185 ita
1183 1158 1209 1184 a
1235 1145 1457 1197 sapientia
1479 1143 1536 1183 ad
1563 1154 1732 1182 meram

251 1209 568 1261 ignorantiam,
594 1215 641 1248 et
673 1208 792 1260 quod
824 1221 941 1247 nunc
967 1206 1046 1247 fiat
1078 1207 1332 1260 progressio
1357 1206 1450 1258 ejus
1481 1206 1539 1246 ab
1565 1205 1734 1245 ultimis

253 1273 310 1313 ad
335 1273 560 1320 interiora,
588 1273 651 1312 ita
674 1272 732 1312 ab
758 1272 1014 1324 ignorantia
1039 1272 1201 1312 iterum
1227 1271 1284 1311 ad
1311 1272 1594 1325 sapientiam.

253 1378 451 1402 (Co-tinum.)

253 1406 326 1451 [DE
350 1413 452 1439 vl'rA
477 1412 713 1440 SECUNDUM
741 1411 988 1438 PRAECEPTA
1014 1412 1181 1495 ΒΙῩΙῗΑ,
1208 1411 1325 1444 QUAE
1350 1411 1665 1438 CONTlNENTUR
1689 1411 1736 1438 IN

870 1459 1098 1485 DECALOGO

325 1531 480 1577 Religio
512 1531 619 1577 apud
653 1531 855 1566 hominem
883 1530 1067 1565 consistit
1097 1530 1136 1564 in
1169 1531 1252 1565 vita
1280 1531 1494 1565 secundum
1527 1538 1735 1582 praecepta
1770 1571 1774 1575 .

253 1578 410 1617 Divina,
426 1588 527 1623 quae
555 1578 592 1612 in
617 1589 773 1613 summa
796 1578 1051 1613 continentur
1075 1578 1114 1612 in
1133 1569 1334 1631 decalogo:
1384 1577 1503 1630 Apud
1532 1577 1640 1611 illum
1666 1576 1734 1621 qui

252 1636 332 1659 non
343 1624 441 1662 vivit
454 1625 670 1659 secundum
686 1625 760 1663 illa,
771 1635 850 1659 non
865 1631 995 1670 potest
1008 1635 1094 1659 esse
1107 1624 1255 1677 religio,
1264 1624 1357 1670 quia
1370 1635 1449 1658 non
1464 1624 1579 1658 timet
1594 1623 1734 1661 Deum.

252 1672 382 1706 minus
410 1678 518 1705 amat
548 1670 673 1710 Illum,
699 1682 772 1706 nec
799 1671 914 1706 timet
944 1671 1156 1710 hominem,
1182 1671 1313 1706 minus
1341 1678 1447 1705 amat
1477 1671 1606 1709 illum;
1640 1681 1734 1704 num

251 1718 366 1752 timet
395 1717 523 1752 Deum
552 1724 622 1752 aut
651 1718 851 1752 hominem
881 1718 948 1763 qui
978 1717 1140 1757 furatur,
1169 1718 1422 1755 adulteratur,
1452 1717 1609 1755 occidit,
1638 1716 1735 1751 salse

251 1764 444 1799 testatur?
494 1763 629 1809 Usque
646 1771 778 1799 tamen
795 1764 962 1810 quisque
979 1771 1110 1818 potest
1126 1764 1258 1799 vivere
1275 1764 1491 1799 secundum
1512 1764 1586 1802 illa,
1604 1770 1645 1798 et
1666 1762 1734 1808 qui

251 1811 355 1856 sapit
380 1810 444 1845 ille
460 1810 559 1845 vivit
579 1811 681 1845 sicut
698 1811 819 1845 homo
835 1811 972 1850 civilis,
990 1811 1093 1846 sicut
1110 1811 1231 1845 homo
1249 1811 1417 1848 moralis,
1435 1818 1475 1845 et
1494 1810 1596 1845 sicut
1612 1810 1735 1844 homo

253 1857 459 1896 naturalis:
484 1857 554 1892 sed
567 1857 634 1902 qui
652 1868 732 1892 non
744 1857 844 1892 vivit
856 1858 1072 1892 secundum
1089 1857 1153 1892 illa
1165 1857 1267 1892 sicut
1281 1858 1402 1892 homo
1415 1857 1639 1902 spiritualis,
1654 1867 1734 1890 non

253 1911 387 1949 potaet
401 1903 562 1944 salvari:
590 1914 682 1938 nam
698 1904 831 1939 vivere
847 1905 1066 1938 secundum
1084 1904 1149 1938 illa
1172 1904 1275 1938 sicut
1293 1904 1415 1939 homo
1432 1903 1657 1949 spiritualis,
1675 1910 1735 1937 oet

253 1957 414 1996 propter
431 1949 647 1984 Divinum
638 1962 676 1984 m
703 1950 799 1989 illis:
828 1957 869 1984 at
885 1951 1016 1985 vivere
1033 1951 1250 1986 secundum
1270 1951 1335 1985 illa
1351 1951 1453 1985 sicut
1471 1951 1592 1985 homo
1609 1950 1735 1984 civilis

253 2003 315 2032 est
332 2003 491 2042 propter
505 1997 666 2042 justum,
684 2008 731 2031 ac
756 2004 800 2031 ut
818 1997 942 2042 fugiat
961 2008 1107 2042 poenas
1126 1997 1282 2037 mundi;
1311 2004 1351 2032 et
1366 1997 1499 2032 vivere
1517 1997 1734 2031 secundum

254 2043 321 2078 illa
337 2043 439 2078 sicut
458 2043 578 2078 homo
595 2043 754 2078 moralis
770 2051 830 2078 est
851 2051 1011 2089 propter
1028 2044 1250 2083 honestum,
1268 2054 1314 2078 ac
1340 2051 1383 2078 ut
1401 2043 1527 2089 fugiat
1542 2044 1734 2088 jacturam

253 2090 381 2124 famae
394 2097 434 2124 et
450 2090 630 2130 honoris:
655 2090 786 2125 vivere
799 2097 931 2124 autem
946 2091 1162 2125 secundum
1182 2091 1247 2124 illa
1264 2098 1308 2125 ut
1325 2090 1447 2124 homo
1465 2090 1663 2128 naturalis,
1675 2096 1737 2123 est

254 2143 415 2182 propter
431 2136 658 2175 humanum,
676 2147 722 2171 ac
747 2144 791 2171 ut
816 2136 941 2182 fugiat
959 2137 1173 2171 diffamiam
1193 2138 1299 2182 quod
1326 2148 1406 2171 non
1423 2137 1475 2172 sit
1492 2147 1609 2171 sanae
1628 2147 1736 2170 men·
1786 2147 1789 2149 ·

252 2183 316 2218 tis.
379 2183 501 2228 Leges
528 2190 611 2217 tam
636 2183 770 2218 civiles
794 2194 912 2228 quam
939 2184 1106 2218 morales
1131 2191 1171 2218 et
1200 2184 1397 2218 naturales
1421 2194 1559 2218 omnes
1584 2182 1737 2216 dictant

254 2230 362 2275 quod
387 2241 467 2264 non
492 2229 543 2264 sit
569 2229 789 2269 furandum,
816 2241 895 2264 non
920 2230 1234 2269 adulterandum,
1259 2241 1338 2264 non
1365 2230 1637 2268 occidendum,
1656 2239 1735 2263 non

232 2313 237 2316 ‚
254 2276 351 2311 false
367 2276 613 2316 testandum·
638 2276 707 2310 sed
711 2287 849 2329 usque
867 2287 946 2310 non
964 2277 1138 2311 salvatur
1154 2277 1275 2311 homo
1293 2277 1325 2311 si
1343 2276 1469 2322 fugiat
1487 2276 1552 2310 illa
1570 2275 1671 2309 mala
1688 2286 1737 2309 ex

256 2322 331 2357 illis
355 2322 449 2357 solis
466 2322 628 2368 legibus,
646 2323 720 2357 nisi
746 2323 865 2357 etiam
891 2323 1017 2368 fugiat
1040 2323 1105 2357 illa
1129 2334 1178 2357 ex
1203 2324 1288 2369 lege
1314 2322 1525 2368 spirituali:
1554 2322 1610 2356 sic
1636 2321 1737 2366 fugit

222 2366 231 2374 “
256 2369 322 2403 illa
346 2375 391 2403 ut
408 2376 587 2414 peccata;
615 2369 720 2414 apud
747 2369 852 2404 hune
868 2370 973 2404 enim
993 2377 1053 2404 est
1071 2370 1219 2415 religio,
1237 2377 1277 2404 et
1302 2376 1363 2404 est
1388 2369 1485 2403 fides
1503 2368 1610 2413 quod
1630 2367 1737 2402 Deus

255 2415 317 2454 sit.
343 2416 451 2461 quod
476 2415 627 2450 eaelum
653 2423 693 2450 et
719 2415 913 2450 infernum
939 2416 1028 2455 sint,
1054 2423 1094 2450 et
1119 2417 1225 2461 quod
1251 2416 1333 2450 vita
1358 2423 1447 2460 post
1474 2422 1641 2449 mortem
1667 2414 1738 2453 sit;

257 2462 378 2496 immo
395 2462 513 2496 etiam
531 2462 635 2506 apud
654 2462 759 2496 hunc
776 2469 835 2497 est
853 2462 934 2496 vita
947 2462 1082 2502 civilis,
1097 2469 1181 2496 tum
1195 2463 1277 2496 vita
1296 2462 1452 2496 moralis
1470 2468 1510 2496 et
1525 2461 1607 2495 vita
1624 2468 1738 2495 natu-

257 2508 366 2548 ralis;
393 2508 475 2542 vita
491 2508 617 2543 civilis
634 2509 726 2554 quia
742 2515 802 2543 est
818 2509 978 2554 justum,
996 2509 1078 2543 vita
1096 2509 1253 2543 moralis
1271 2509 1363 2553 quia
1380 2516 1439 2542 est
1458 2508 1679 2546 honestum,
1697 2514 1738 2541 et

256 2555 338 2589 vita
355 2555 542 2589 naturalis
559 2555 651 2600 quia
667 2562 727 2589 est
746 2555 960 2589 humanum
974 2566 981 2590 :
1006 2562 1047 2590 at
1065 2566 1144 2589 non
1162 2555 1293 2589 vivere
1310 2555 1525 2589 secundum
1546 2554 1611 2588 illa
1628 2564 1738 2599 prae-

256 2608 371 2646 cepta
394 2607 439 2635 ut
464 2601 585 2635 homo
602 2601 823 2646 spiritualis,
845 2602 876 2636 is
901 2613 973 2636 nec
998 2609 1058 2636 est
1083 2602 1208 2636 civilis
1235 2602 1366 2640 homo.
1385 2611 1457 2635 nec
1478 2600 1647 2639 moralis,
1666 2611 1738 2634 nec

257 2647 444 2682 naturalis
459 2648 589 2686 homo,
604 2659 694 2682 nam
708 2648 744 2682 ei
762 2659 841 2682 non
860 2655 919 2682 est
934 2649 1096 2693 justum,
1111 2659 1189 2682 non
1204 2655 1263 2682 est
1283 2649 1503 2686 honestum,
1519 2647 1640 2681 immo
1657 2657 1737 2681 non

257 2701 318 2728 est
342 2694 568 2733 humanum,
587 2694 678 2740 quia
703 2705 782 2729 non
811 2694 898 2728 Du
891 2706 997 2728 mum
1026 2695 1063 2728 in
1091 2694 1184 2729 illis:
1214 2705 1292 2728 non
1319 2695 1423 2728 enim
1450 2694 1566 2728 datur
1589 2694 1736 2728 bonum

260 2740 298 2773 in
325 2751 366 2775 se
391 2747 431 2774 et
455 2751 503 2774 ex
520 2751 572 2780 se,
592 2741 665 2775 nisi
683 2741 790 2786 quod
808 2752 856 2775 ex
877 2741 980 2779 Deo:
1011 2741 1065 2775 ita
1083 2752 1160 2775 non
1180 2741 1296 2775 datur
1312 2741 1472 2786 aliquod
1489 2741 1650 2785 justum.
1669 2739 1739 2774 ali·

258 2786 365 2830 quod
382 2797 472 2821 vere
490 2787 711 2826 honestum,
730 2795 770 2822 et
786 2798 876 2822 vere
894 2788 1122 2825 humanum,
1142 2787 1179 2821 in
1206 2798 1247 2822 se
1273 2794 1312 2822 et
1337 2798 1384 2822 ex
1402 2798 1454 2826 se,
1473 2787 1547 2821 nisi
1565 2786 1673 2832 quod
1690 2796 1739 2820 ex

262 2831 357 2870 Deo.
375 2839 414 2867 et
440 2833 513 2867 nisi
542 2833 727 2867 Divinum
755 2834 805 2867 sit
832 2834 869 2867 in
898 2834 983 2868 illis.
1035 2833 1220 2878 Expende
1239 2845 1331 2867 num
1351 2833 1491 2879 aliquis
1518 2834 1555 2867 in
1574 2843 1654 2878 quo
1678 2840 1750 2867 est

261 2878 465 2919 infernum,
492 2890 560 2914 seu
585 2880 651 2925 qui
678 2887 738 2915 est
762 2880 952 2917 diabolus.
979 2880 1102 2925 possit
1129 2879 1255 2915 facere
1279 2880 1427 2925 justum
1454 2891 1501 2915 ex
1526 2880 1643 2925 justo,
1669 2890 1735 2914 seu
