1962 3328
246 237 295 281 25
305 237 358 282 50
658 237 991 271 APOCALYPSIS
1023 239 1323 272 EXPLICATA.

248 349 451 386 Hactenus
470 350 663 396 explicata
680 357 773 386 sunt
791 351 963 397 quinque
985 358 1193 398 praecepta
1213 352 1410 398 decalogi;
1436 353 1614 399 sequitur
1630 363 1735 390 nune

340 445 628 473 PRAECEPTUM
648 446 833 478 SEXTUM,
853 446 972 478 QUOD
1000 446 1084 478 EST,
1105 444 1226 473 “NON
1248 440 1642 480 ADULTERABERIS‚''

246 514 536 559 explicandum.
575 514 673 561 Quis
689 514 807 550 hodie
822 521 952 559 potest
967 515 1124 550 credere
1138 516 1244 561 quod
1258 516 1475 569 jucundum
1489 516 1670 551 adulterii
1684 516 1737 551 sit

248 561 442 595 infernum
457 562 561 606 apud
579 562 791 601 hominem,
805 569 843 596 et
857 562 964 606 quod
978 562 1196 606 jucundum
1211 563 1384 608 conjugii
1400 563 1451 597 sit
1465 563 1615 598 caelum
1631 563 1735 608 apud

248 607 384 643 illum?
403 615 694 661 consequenter
702 609 808 654 quod
822 615 1012 653 quantum
1030 609 1172 643 homo
1164 620 1202 643 111
1217 620 1297 643 uno
1310 610 1485 655 jucundo
1500 616 1569 649 est,
1579 616 1735 644 tantum

248 665 326 689 non
346 655 397 689 sit
419 655 457 688 in
476 655 610 694 altero,
629 655 721 700 quia
739 662 930 700 quantum
951 655 1099 690 homo
1091 667 1129 689 1n
1149 656 1302 691 inferno
1320 663 1389 696 est,
1404 663 1559 691 tantum
1578 667 1657 691 non
1676 663 1737 691 est

249 701 287 735 in
307 702 434 736 caelo.
428 701 442 725 ³
493 701 591 747 Quis
611 702 729 736 hodie
748 702 906 736 credere
924 709 1055 747 potest
1073 703 1179 748 quod
1199 713 1310 737 amor
1327 703 1508 737 adulterii
1527 702 1578 738 sit
1596 703 1737 737 funda-

248 749 428 783 mentalis
443 759 554 782 amor
565 749 741 782 omnium
757 760 935 783 amorum
953 748 1199 783 infernalium
1215 756 1254 784 et
1266 749 1562 790 diabolicorum,
1575 756 1614 784 et
1628 750 1735 795 quod

248 806 359 829 amor
378 802 509 829 castus
530 795 704 841 conjugii
727 795 778 830 sit
803 806 914 830 amor
931 795 1237 830 fundamentalis
1256 796 1433 830 omnium
1452 807 1630 831 amorum
1650 807 1736 831 cae-

247 842 402 876 lestium
422 848 461 876 et
482 841 740 877 Divinorum?
767 849 1054 887 consequenter
1071 843 1177 887 quod
1196 850 1387 888 quantum
1406 843 1554 878 homo'
1546 854 1584 877 1n
1603 854 1736 877 amore

246 888 428 923 adulterii
455 895 524 928 est,
551 895 706 923 tantum
733 889 784 924 sit
814 889 852 923 in
883 889 991 923 omni
1017 900 1151 924 amore
1181 890 1295 929 malo,
1322 890 1354 924 si
1384 901 1462 924 non
1492 889 1583 924 actu
1613 900 1736 934 usque

247 935 419 970 conatu?
449 935 620 970 vicissim
643 943 833 980 quantum
861 936 982 970 homo
1009 936 1047 970 in
1075 947 1208 971 amore
1233 943 1343 971 casto
1364 947 1411 971 co
1414 937 1575 1029 nJugii
1559 943 1629 975 est,
1650 943 1737 970 tan-

247 989 332 1016 tum
351 982 401 1016 sit
421 982 459 1016 in
478 982 586 1016 omni
605 993 738 1017 amore
756 984 872 1023 bono,
887 983 918 1017 si
939 994 1017 1017 non
1037 981 1126 1017 aftu
1141 994 1264 1028 usque
1278 990 1441 1018 conatu.
1500 982 1598 1029 Quis
1617 983 1736 1017 hodie

247 1029 405 1064 credere
431 1035 562 1074 potest
588 1030 694 1074 quod
721 1029 788 1074 qui
815 1029 854 1063 in
881 1041 1014 1064 amore
1034 1030 1216 1064 adulterii
1239 1036 1308 1069 est,
1331 1041 1410 1064 non
1436 1030 1584 1075 aliquid
1606 1029 1736 1068 Verbi,

250 1076 303 1110 ita
321 1086 392 1110 nec
410 1076 557 1121 aliquid
577 1076 764 1111 ecclesiae
782 1077 927 1116 credat,
948 1077 1069 1111 immo
1087 1077 1193 1122 quod
1213 1077 1331 1111 corde
1352 1088 1424 1111 suo
1447 1076 1574 1111 Deum
1594 1076 1736 1122 neget?

247 1129 286 1156 et
306 1122 489 1162 vicissim,
512 1123 619 1168 quod
641 1123 708 1168 qui
731 1123 769 1157 in
791 1130 900 1158 casto
921 1134 1054 1158 amore
1075 1124 1249 1169 conjugii
1271 1130 1341 1163 est,
1364 1123 1402 1157 in
1424 1123 1615 1158 charitate
1637 1130 1676 1158 et
1698 1123 1736 1157 in

248 1169 324 1203 fide
350 1169 411 1209 sit,
433 1180 478 1203 ac
505 1169 543 1203 in
571 1181 703 1205 amore
731 1170 770 1204 in
798 1169 952 1205 Deum?
982 1177 1067 1204 tum
1093 1171 1199 1215 quod
1226 1171 1387 1205 castitas
1413 1170 1587 1216 conjugii
1614 1181 1736 1204 unum

248 1215 365 1251 faciat
390 1227 479 1250 cum
508 1216 706 1262 religione,
728 1223 768 1251 et
792 1217 953 1251 lascivia
973 1217 1155 1252 adulterii
1177 1229 1298 1251 unum
1321 1217 1438 1251 faciat
1464 1228 1553 1251 cum
1581 1223 1738 1251 natura-

248 1263 382 1297 lismo.
376 1262 391 1288 ²
441 1262 570 1298 Causa
590 1264 696 1308 quod
720 1264 816 1298 haec
836 1264 955 1298 hodie
975 1264 1209 1304 nesciantur,
1229 1271 1288 1299 est
1309 1264 1401 1309 quia
1418 1263 1613 1299 ecclesia
1605 1275 1642 1297 m
1665 1274 1737 1298 suo

248 1309 324 1344 fine
342 1316 411 1349 est,
427 1321 472 1344 ac
490 1311 621 1355 quoad
636 1321 772 1345 verum
791 1317 830 1345 et
848 1311 979 1356 quoad
998 1312 1145 1345 bonurn
1162 1312 1383 1351 devastata:
1410 1317 1449 1345 et
1467 1321 1555 1345 cum
1572 1310 1735 1345 ecclesia

246 1356 336 1391 talis
357 1363 426 1396 est,
445 1363 540 1391 tunc
559 1357 680 1391 homo
699 1358 885 1392 ecclesiae
904 1359 952 1392 ab
975 1358 1123 1392 influxu
1145 1369 1192 1392 ex
1214 1358 1367 1392 inferno
1386 1357 1424 1391 in
1443 1357 1736 1402 persuasionem

246 1403 355 1437 venit
373 1404 479 1448 quod
498 1404 691 1438 adulteria
709 1415 788 1438 non
807 1405 886 1439 sint
904 1405 1151 1439 detestabilia
1169 1411 1208 1440 et
1226 1404 1559 1444 abominationes;
1585 1410 1624 1438 et
1646 1404 1737 1438 inde

248 1461 406 1495 quoque
431 1451 540 1485 venit
567 1451 604 1484 in
633 1451 750 1486 fidem
777 1452 883 1496 quod
910 1451 1096 1497 conjugia
1121 1459 1160 1486 et
1185 1451 1378 1486 adulteria
1404 1451 1442 1485 in
1473 1462 1544 1486 sua
1568 1451 1738 1485 essentia

250 1507 328 1531 non
360 1497 554 1537 differant,
581 1498 649 1532 sed
681 1499 808 1533 solum
839 1499 968 1543 quoad
1001 1499 1199 1538 ordinem:
1233 1509 1322 1533 cum
1352 1504 1485 1532 tamen
1516 1497 1738 1532 differentia

249 1544 350 1578 inter
371 1544 436 1578 illa
456 1551 525 1583 est,
548 1545 674 1589 qualis
694 1552 754 1580 est
776 1545 878 1579 inter
898 1546 1048 1580 caelum
1071 1552 1110 1580 et
1133 1545 1347 1585 infernum;
1378 1545 1483 1590 quod
1507 1544 1604 1579 haec
1625 1544 1737 1579 diffe-

249 1590 375 1625 rentia
394 1591 495 1625 inter
514 1591 578 1625 illa
595 1592 656 1631 sit,
675 1591 874 1627 videbitur
891 1592 929 1626 in
949 1592 1215 1637 sequentibus.
1267 1592 1324 1626 Ex
1346 1592 1406 1626 his
1428 1602 1533 1626 nunc
1553 1598 1613 1626 est
1630 1591 1736 1636 quod

248 1637 399 1672 caelum
434 1644 473 1672 et
503 1638 668 1674 ecclesia
701 1638 740 1672 in
771 1638 903 1673 Verbo
933 1639 971 1673 in
1002 1650 1118 1674 sensu
1149 1638 1341 1684 spirituali
1372 1638 1642 1691 intelligantur
1670 1649 1739 1682 per

250 1684 469 1738 “nuptias''
483 1690 556 1719 et“
567 1686 775 1731 conjugia(
781 1686 840 1720 et
858 1687 965 1731 quod
981 1686 1176 1720 infernum
1191 1693 1230 1720 et
1249 1684 1410 1731 rejefiio
1424 1685 1601 1720 omnium
1615 1685 1738 1719 eccle-

248 1731 328 1766 siae
351 1731 388 1765 in
409 1731 527 1766 Verbi
549 1743 665 1767 sensu
687 1732 879 1778 spirituali
903 1733 1172 1779 intelligantur
1189 1738 1282 1778 per‘
1288 1732 1527 1767 ‘adulteria'
1546 1737 1611 1766 et‘
1615 1737 1738 1766 ‘scor-

246 1778 452 1813 tationes?

326 1870 455 1922 982.
486 1871 716 1914 “fidutiam
736 1875 803 1912 est
819 1871 879 1911 illi
895 1875 1013 1912 aestu
1030 1872 1210 1925 affliyere
1226 1871 1403 1911 homines
1415 1885 1493 1924 pet·
1506 1871 1734 1924 iqnem.''—-

250 1929 382 1983 Quod
424 1932 647 1984 significet
681 1933 943 1985 cupiditates
967 1933 1256 1987 falszficandz‘
1287 1948 1393 1973 vera
1428 1933 1640 1973 oriundas
1680 1946 1736 1972 ex

246 1993 377 2034 malis
399 2009 597 2035 amorum
619 1996 694 2036 sui
713 2002 755 2036 et
779 1996 941 2045 mundi,
967 2003 1146 2036 constat
1173 2010 1231 2036 ex
1259 1995 1586 2048 significatione
1607 1999 1735 2036 “aes-

246 2055 358 2103 tus,”
398 2056 518 2108 quod
558 2057 616 2096 sit
657 2058 1032 2109 concupiscentia
1070 2057 1180 2097 falsi·
1212 2063 1258 2097 et
1296 2057 1352 2096 ad
1393 2056 1555 2096 falsum
1597 2067 1651 2104 (de
1674 2076 1737 2104 qua

247 2125 381 2163 [supra],
402 2117 574 2166 n.481):
608 2122 654 2156 et
686 2130 745 2156 ex
777 2116 1111 2168 significatione
1146 2116 1340 2169 “ignis‚“
1367 2117 1487 2169 quod
1517 2117 1575 2156 sit
1607 2129 1735 2156 amor

245 2176 287 2215 in
311 2183 498 2230 utroque
535 2191 683 2226 sensu,
709 2191 869 2230 nempe
903 2191 1029 2218 amor
1053 2179 1097 2217 in
1131 2178 1374 2218 Dominum
1406 2184 1451 2218 et
1477 2190 1603 2217 arnor
1627 2190 1735 2229 erga

245 2240 514 2291 proximum,
543 2246 588 2280 et
615 2241 657 2279 in
685 2241 893 2292 opposito
924 2254 1057 2280 sensu
1089 2254 1214 2281 arnor
1241 2242 1306 2280 sui
1332 2247 1377 2280 et
1409 2253 1534 2280 amor
1565 2240 1733 2286 mundi,

245 2307 291 2341 et
308 2302 411 2342 inde
430 2303 649 2355 cupiditas
667 2303 723 2343 ad
742 2302 860 2342 mala
877 2304 1021 2343 omnis
1039 2305 1215 2356 generis
1232 2318 1241 2354 ;
1275 2303 1392 2356 quod
1411 2316 1586 2343 amores
1603 2303 1669 2343 sui
1688 2310 1734 2343 et

245 2363 399 2402 mundi
425 2364 516 2403 sint
539 2364 735 2416 origines
753 2364 953 2403 omnium
980 2364 1218 2412 malorum,
1245 2365 1454 2404 videatur
1483 2362 1654 2416 [supra]
1688 2374 1735 2411 (n.

250 2424 338 2470 162,
366 2435 453 2476 171,
478 2425 568 2477 506,
592 2435 683 2477 510,
708 2435 798 2477 512,
823 2435 912 2477 517.
933 2426 1081 2478 650[a]‚
1101 2426 1250 2478 653[a],
1270 2435 1365 2478 950,
1385 2435 1511 2478 951);
1543 2431 1589 2465 et
1620 2439 1733 2478 quo-

245 2486 364 2526 niam
388 2486 448 2525 illi
472 2500 646 2527 amores
669 2493 773 2527 sunt
796 2488 990 2539 origines
1013 2489 1210 2527 omnium
1234 2488 1465 2533 malorum,
1490 2493 1535 2526 et
1557 2499 1733 2527 amores

244 2549 305 2588 illi
332 2551 375 2589 in
402 2563 482 2590 suo
508 2551 724 2590 continuo
746 2557 965 2590 vocantur
988 2551 1271 2603 cupiditates,
1297 2557 1342 2590 et
1369 2563 1542 2603 quoque
1566 2563 1732 2590 concu-

245 2613 504 2665 piscentiae,
539 2614 642 2654 inde
674 2627 752 2666 per
780 2613 1016 2666 “affligere
1048 2620 1176 2654 aestu
1207 2614 1410 2653 homines
1443 2626 1520 2665 per
1550 2612 1733 2665 ignem''

245 2675 520 2727 significatur
546 2677 766 2728 cupiditas
797 2690 873 2716 seu
899 2677 1264 2728 concupiscentia
1288 2676 1344 2716 ad
1371 2675 1480 2716 falsa
1511 2690 1570 2716 ex
1602 2675 1730 2715 malis

245 2739 390 2777 omnis
422 2739 613 2791 generis,
642 2746 687 2779 et
719 2739 822 2779 inde
855 2740 990 2779 etiam
1022 2739 1078 2779 ad
1111 2739 1292 2786 malum,
1321 2753 1397 2778 seu
1429 2738 1485 2778 ad
1518 2739 1731 2778 damnum

244 2800 494 2840 faciendum
517 2801 638 2852 aliis;
673 2802 756 2842 hoc
789 2802 907 2842 enim
939 2808 1007 2842 est
1035 2801 1277 2854 jucundum
1301 2803 1418 2842 vitae
1450 2801 1626 2841 illorum
1659 2801 1733 2853 qui

245 2864 288 2903 in
311 2876 460 2904 amore
484 2865 548 2904 sui
575 2871 619 2905 et
643 2866 685 2904 in
704 2878 854 2905 amore
877 2865 1030 2905 mundi
1051 2871 1154 2905 sunt
1175 2879 1183 2915 ;
1216 2879 1274 2905 ex
1289 2864 1485 2917 jucundo
1508 2870 1591 2912 est,
1612 2863 1730 2916 quod
