1962 3328
225 260 248 290 2
257 259 275 302 5
285 258 336 303 54
638 259 971 293 APOCALYPSIS
1003 261 1302 294 EXPLICATA.

224 371 232 394 (
238 370 403 391 continuatio
413 371 442 391 de
452 371 528 392 Sexto
538 371 693 397 Praecepto.)

298 407 432 442 Homo
454 408 509 443 ita
534 416 688 443 creatus
714 415 774 444 est
800 416 843 443 ut
868 409 919 444 sit
945 409 1158 454 spiritualis
1184 417 1224 444 et
1249 410 1428 445 caelestis
1454 421 1574 450 amor,
1596 416 1636 445 et
1661 409 1717 445 sic

225 455 356 500 imago
378 454 449 489 Dei
468 462 507 489 et
526 456 745 490 similitudo
766 456 860 490 Dei:
886 467 998 490 amor
1015 456 1238 501 spiritualis,
1257 457 1323 502 qui
1343 464 1402 492 est
1420 468 1531 491 amor
1547 457 1640 496 veri,
1657 464 1718 491 est

225 500 355 547 imago
376 501 468 540 Dei:
495 509 534 536 et
552 513 663 536 amor
680 502 870 542 caelestis,
890 503 957 548 qui
979 509 1038 537 est
1056 514 1167 538 amor
1185 504 1288 542 boni.
1308 511 1367 538 est
1385 503 1604 538 similitudo
1624 503 1717 538 Dei:

223 559 361 583 omnes
380 530 540 594 angeli
532 561 569 582 in
591 549 710 583 tertio
728 549 838 584 caelo
859 556 951 584 sunt
969 550 1248 585 similitudines
1268 550 1352 590 Dei,
1372 557 1411 585 et
1432 561 1570 585 omnes
1588 550 1716 596 angeli

225 595 262 628 in
285 596 460 630 secundo
481 597 591 630 caelo
612 603 704 630 sunt
726 596 916 641 imagines
940 596 1024 631 Dei.
1078 596 1212 632 Homo
1238 609 1316 632 non
1339 604 1470 651 potest
1492 597 1574 632 fieri
1595 608 1716 635 amor,

222 642 290 687 qui
317 649 376 677 est
403 642 534 696 imago
560 650 628 677 aut
649 643 868 677 similitudo
892 643 975 682 Dei,
998 643 1071 678 nisi
1099 655 1168 688 per
1187 645 1417 690 conjugium
1438 644 1519 679 veri
1546 650 1586 678 et
1611 644 1716 683 boni,

223 700 358 723 verum
385 689 489 724 enim
521 696 560 724 et
590 690 737 724 bonum
769 701 810 724 se
841 689 978 724 intime
1004 697 1148 730 amant,
1175 697 1214 725 et
1240 691 1407 736 flagrant
1433 691 1534 725 uniri
1565 697 1609 725 ut
1638 690 1718 725 sint

223 747 364 770 unum:
395 747 512 771 causa
538 743 607 775 est,
630 736 722 781 quia
751 736 938 770 Divinum
968 737 1123 771 Bonum
1150 745 1189 772 et
1218 738 1405 772 Divinum
1433 738 1580 772 Verum
1607 737 1718 772 unita

225 784 444 827 procedunt
473 795 496 817 a
532 783 715 823 Domino,
747 783 913 828 proinde
943 784 1055 818 unita
1083 791 1198 819 erunt
1233 785 1270 818 in
1306 785 1447 830 angelo
1477 784 1574 819 caeli
1604 791 1643 819 et
1678 784 1716 818 in

223 830 384 864 homine
403 831 601 865 ecclesiae.
656 830 764 865 Haec
783 830 910 865 unitio
929 841 1177 876 nequaquam
1192 831 1276 866 dari
1295 839 1426 876 potest
1445 831 1519 866 nisi
1538 842 1607 876 per
1623 842 1717 866 con-

221 877 374 922 jugium
402 877 567 911 duarum
596 877 787 912 mentium
817 877 854 911 in
881 889 1024 917 unum;
1055 889 1157 917 nam,
1184 885 1228 912 ut
1254 879 1360 923 prius
1387 877 1536 912 dicium
1563 884 1632 918 est,
1658 878 1718 912 vir

222 930 377 958 creatus
395 930 455 958 est
474 931 517 958 ut
535 924 585 959 sit
605 923 828 959 intellectus
842 924 936 964 veri,
952 924 1116 969 proinde
1134 936 1282 965 verum,
1298 932 1337 960 et
1352 924 1498 960 femina
1516 925 1570 959 ita
1587 931 1718 959 creata

223 977 282 1005 est
309 977 352 1004 ut
378 971 428 1005 sit
450 970 608 1006 affeflio
630 971 733 1011 boni,
758 971 812 1006 ita
833 972 1001 1010 bonum;
1033 972 1070 1005 in
1099 971 1174 1006 illis
1199 972 1330 1017 itaque
1351 972 1468 1006 datur
1487 970 1718 1017 conjunCtio

222 1017 316 1051 boni
347 1024 386 1052 et
411 1018 512 1052 veri:
546 1025 606 1053 est
632 1018 737 1052 enim
767 1029 879 1052 amor
903 1018 1148 1064 conjugialis,
1175 1019 1242 1064 qui
1273 1030 1320 1054 ex
1345 1017 1627 1064 conjunElione
1654 1018 1719 1052 illa

223 1064 438 1104 descendit,
459 1064 697 1110 ipsissimum
718 1065 891 1099 medium
912 1072 954 1099 ut
973 1066 1095 1100 homo
1113 1065 1180 1100 fiat
1199 1077 1318 1105 amor,
1338 1066 1405 1111 qui
1424 1073 1483 1100 est
1502 1066 1632 1111 imago
1650 1072 1718 1099 aut

223 1111 442 1146 similitudo
474 1111 567 1146 Dei:
605 1113 685 1146 duo
719 1112 823 1146 enim
854 1113 1054 1158 conjuges,
1085 1113 1152 1157 qui
1188 1113 1225 1146 in
1261 1124 1394 1148 amore
1427 1112 1640 1166 conjugiali
1670 1123 1719 1147 ex

226 1158 399 1193 Domino
420 1166 522 1198 sunt,
542 1170 583 1194 se
606 1166 745 1194 mutuo
767 1166 806 1194 et
826 1159 999 1194 vicissim
1021 1171 1069 1194 ex
1090 1160 1218 1199 corde,
1239 1160 1294 1194 ita
1319 1171 1366 1195 ex
1394 1160 1552 1199 intimis,
1572 1166 1717 1199 amant,

223 1212 262 1239 et
290 1205 381 1239 inde
402 1206 582 1250 quamvis
603 1213 838 1251 apparenter
858 1213 950 1241 sunt
972 1207 1062 1245 duo,
1085 1218 1209 1252 usque
1229 1206 1436 1241 aetualiter
1457 1218 1578 1240 unum
1605 1213 1718 1246 sunt;

223 1253 304 1286 duo
329 1259 421 1286 sunt
447 1253 580 1298 quoad
606 1264 782 1298 corpora,
810 1259 850 1287 at
881 1265 1002 1287 unum
1029 1254 1160 1299 quoad
1187 1254 1330 1288 vitam:
1364 1254 1471 1299 quod
1499 1252 1718 1298 comparari

223 1306 355 1352 potest
385 1310 474 1333 cum
502 1300 626 1335 oculis
652 1301 759 1345 quod
791 1300 870 1334 duo
901 1300 980 1335 sint
1005 1301 1137 1345 quoad
1164 1312 1321 1346 organa,
1341 1301 1409 1335 sed
1436 1312 1559 1334 unum
1586 1300 1718 1345 quoad

224 1346 372 1386 visum;
406 1347 587 1381 similiter
611 1358 701 1381 cum
728 1347 898 1386 auribus,
926 1358 1026 1392 quae
1054 1348 1155 1382 duae
1185 1354 1277 1382 sunt
1306 1348 1436 1393 quoad
1464 1358 1621 1393 organa,
1649 1347 1717 1381 sed

224 1404 346 1427 unum
368 1394 499 1438 quoad
522 1394 722 1434 auditum;
753 1394 809 1428 sic
835 1394 954 1428 etiam
976 1394 1137 1429 brachia
1157 1401 1197 1429 et
1223 1395 1342 1439 pedes
1367 1395 1447 1429 duo
1473 1401 1565 1429 sunt
1586 1394 1717 1439 quoad

224 1441 409 1479 membra,
426 1441 493 1475 sed
514 1452 635 1475 unum
655 1441 786 1486 quoad
806 1452 909 1480 usus,
929 1441 1089 1476 brachia
1107 1453 1229 1475 unum
1248 1442 1379 1487 quoad
1399 1440 1519 1481 adius,
1539 1447 1578 1476 et
1598 1441 1718 1486 pedes

225 1498 346 1520 unum
365 1488 497 1532 quoad
519 1499 694 1533 gressus:
720 1487 901 1522 similiter
922 1489 1071 1533 reliqua
1092 1488 1200 1533 paria
1221 1489 1324 1533 apud
1348 1488 1571 1527 hominem;
1598 1487 1718 1522 etiam

224 1534 290 1568 illa
310 1545 351 1569 se
374 1534 547 1569 referunt
565 1535 614 1569 ad
637 1535 785 1569 bonum
804 1541 844 1569 et
861 1546 1008 1574 verum,
1028 1546 1220 1580 organum
1239 1543 1307 1569 aut
1326 1536 1546 1570 membrum
1568 1535 1675 1580 quod
1697 1545 1720 1569 a

224 1581 364 1616 dextro
385 1588 455 1621 est,
477 1582 527 1616 ad
549 1582 709 1620 bonum,
732 1588 771 1616 et
792 1582 899 1627 quod
921 1593 944 1616 a
965 1582 1124 1616 sinistro
1145 1583 1194 1616 ad
1216 1593 1372 1616 verum:
1400 1582 1526 1617 simile
1548 1589 1607 1616 est
1628 1592 1718 1616 cum

224 1628 367 1662 marito
385 1635 424 1662 et
443 1629 527 1673 ejus
546 1639 678 1668 uxore,
698 1629 800 1663 inter
817 1640 917 1674 quos
935 1636 994 1663 est
1013 1640 1123 1664 amor
1141 1640 1231 1663 vere
1249 1629 1502 1675 conjugialis;
1529 1635 1621 1664 sunt
1639 1629 1719 1663 duo

223 1675 355 1728 quoad
377 1686 552 1720 corpora,
575 1676 643 1710 sed
671 1687 793 1709 unum
816 1677 947 1721 quoad
969 1676 1111 1715 vitam;
1142 1687 1261 1721 quare
1283 1677 1401 1710 etiam
1424 1676 1503 1710 duo
1529 1676 1719 1721 conjuges

225 1722 263 1755 in
282 1722 391 1756 caelo
407 1733 484 1757 non
501 1723 687 1757 dicuntur
700 1723 780 1757 duo
798 1723 926 1768 angeli
941 1723 1010 1758 sed
1029 1734 1141 1758 unus.
1195 1723 1251 1757 Ex
1271 1723 1331 1757 his
1351 1730 1458 1768 patet
1472 1723 1578 1768 quod
1598 1722 1719 1756 homo

224 1768 292 1803 fiat
313 1768 440 1803 forma
460 1769 616 1809 amoris,
635 1776 675 1804 et
698 1770 788 1804 inde
810 1769 937 1804 forma
957 1770 1065 1809 caeli,
1085 1781 1186 1815 quae
1207 1777 1266 1804 est
1289 1770 1419 1816 imago
1440 1777 1480 1804 et
1500 1769 1719 1804 similitudo

226 1815 398 1855 Domini,
421 1827 490 1861 per
509 1816 752 1862 conjugium.
805 1816 940 1851 Homo
962 1817 1135 1851 nascitur
1161 1817 1198 1851 in
1226 1828 1400 1851 amorem
1428 1816 1519 1851 mali
1546 1822 1586 1851 et
1611 1816 1719 1855 falsi:

225 1863 288 1897 ille
306 1873 418 1897 amor
435 1870 495 1898 est
512 1874 624 1898 amor
637 1863 838 1903 adulterii;
866 1864 930 1898 hic
948 1875 1059 1898 amor
1077 1875 1155 1898 non
1174 1864 1351 1898 converti
1370 1870 1409 1898 et
1428 1863 1569 1897 mutari
1589 1869 1720 1908 potest

226 1909 262 1943 in
283 1920 456 1944 amorem
476 1908 720 1955 spiritualem
739 1911 805 1956 qui
828 1918 887 1945 est
909 1911 1039 1956 imago
1060 1910 1143 1950 Dei,
1163 1918 1202 1945 et
1224 1911 1354 1945 minus
1377 1911 1415 1944 in
1437 1921 1612 1945 amorem
1634 1921 1720 1944 cae-

224 1957 362 1991 lestem
389 1957 456 2002 qui
487 1964 546 1991 est
576 1957 795 1992 similitudo
828 1957 912 1997 Dei,
935 1958 1007 1992 nisi
1040 1969 1108 2003 per
1133 1958 1361 2003 conjugium
1393 1957 1485 1992 boni
1516 1963 1556 1991 et
1585 1956 1667 1991 veri
1697 1967 1720 1991 a

226 2003 410 2043 Domino,
431 2011 470 2038 et
492 2015 570 2038 non
594 2005 707 2049 plene
729 2004 803 2039 nisi
825 2015 894 2049 per
911 2005 1140 2050 conjugium
1160 2005 1325 2039 duarum
1348 2004 1539 2039 mentium
1562 2010 1602 2038 et
1622 2004 1720 2038 duo-

225 2061 311 2084 rum
333 2061 555 2095 corporum
608 2051 704 2086 Inde
731 2058 839 2096 patet
866 2052 971 2086 unde
997 2058 1057 2086 est
1074 2052 1188 2105 quod
1215 2051 1400 2105 conjugia
1426 2051 1505 2086 sint
1525 2050 1719 2090 caelestia,

225 2104 265 2132 et
291 2097 485 2132 adulteria
512 2097 735 2137 infernalia;
769 2105 829 2132 est
859 2098 962 2133 enim
990 2098 1219 2144 conjugium
1249 2098 1379 2151 imago
1405 2098 1513 2137 caeli,
1540 2104 1579 2132 et
1609 2108 1722 2132 amor

225 2155 316 2179 vere
338 2145 572 2190 conjugialis
594 2145 725 2190 imago
749 2144 931 2185 Domini;
958 2152 997 2180 et
1018 2153 1078 2180 est
1099 2145 1336 2180 adulterium
1360 2145 1491 2190 imago
1510 2144 1662 2183 inferni,
1681 2150 1721 2178 et

226 2202 337 2226 amor
362 2191 544 2226 adulterii
572 2192 701 2237 imago
729 2192 886 2226 diaboli.
939 2192 1116 2236 Apparet
1142 2192 1260 2227 etiam
1288 2202 1399 2226 amor
1419 2191 1653 2237 conjugialis
1681 2190 1719 2224 in

227 2238 377 2272 mundo
398 2238 591 2283 spirituali
614 2238 652 2272 in
674 2238 801 2273 forma
821 2239 924 2273 sicut
944 2239 1117 2284 angelus,
1137 2246 1177 2273 et
1197 2250 1308 2273 amor
1328 2238 1510 2273 adulterii
1533 2238 1571 2272 in
1594 2238 1721 2272 forma

227 2285 329 2319 sicut
343 2285 534 2320 diabolus.
588 2285 775 2320 Reconde
791 2285 867 2320 hoc
884 2286 989 2330 apud
1008 2293 1058 2325 te,
1076 2284 1225 2325 Le&or,
1241 2292 1280 2320 et
1300 2285 1452 2330 inquire
1471 2296 1565 2319 num
1582 2295 1719 2319 verum

228 2332 288 2372 sit,
309 2339 399 2377 post
418 2339 586 2367 mortem
606 2333 699 2366 dum
719 2332 819 2367 vivis
838 2333 959 2367 homo
978 2333 1149 2378 spiritus,
1169 2339 1208 2367 et
1225 2332 1389 2367 videbis.

309 2457 443 2511 985.
473 2457 691 2497 “nubentis
702 2461 946 2510 potestatem
959 2458 1240 2510 superplayas
1255 2450 1564 2508 has.'’÷Quod
1580 2456 1719 2508 signi-

230 2518 335 2560 ficet
363 2534 444 2559 non
467 2521 669 2561 timorem
688 2527 775 2573 pro
796 2521 1139 2573 ultz'mojudz'cz'o
1163 2535 1190 2560 a
1218 2520 1421 2567 Domino,
1445 2525 1487 2559 et
1516 2525 1618 2559 tunc
1634 2525 1722 2571 pro

229 2582 514 2623 damnatione
535 2590 578 2623 et
591 2584 826 2635 punitione
847 2583 1064 2623 malorum
1084 2589 1127 2622 et
1149 2583 1252 2623 inde
1260 2581 1492 2633 falsorum
1516 2595 1627 2634 quae
1647 2582 1720 2622 de-

230 2652 526 2686 vastaverunt
554 2646 791 2694 ecclesiam,
829 2651 1014 2686 constat
1050 2659 1108 2685 ex
1145 2644 1478 2697 significatione
1512 2644 1720 2685 “habere

230 2708 556 2763 potestatem‚’'
588 2722 689 2749 cum
725 2709 780 2749 de
817 2708 932 2755 Deo,
964 2707 1087 2760 cujus
1123 2720 1290 2747 nomen
1325 2706 1719 2759 blasphemarunt,

230 2773 350 2826 quod
370 2773 427 2812 sit
448 2772 670 2812 Dominus
689 2771 838 2824 quoad
857 2771 1066 2811 ultimum
1080 2770 1295 2822 judicium
1315 2784 1323 2819 ;
1350 2777 1395 2810 et
1418 2784 1476 2810 ex
1493 2769 1719 2821 significa-

231 2836 355 2875 tione
376 2834 695 2887 “plagarum,'’
713 2834 834 2886 quod
857 2834 946 2873 sint
973 2833 1092 2872 mala
1115 2839 1160 2873 et
1183 2832 1286 2872 inde
1312 2831 1440 2879 falsa,
1464 2845 1516 2871 ac
1538 2831 1652 2871 falsa
1674 2838 1720 2872 et:

231 2897 336 2937 inde
351 2896 485 2946 mala,
500 2910 614 2949 quae
630 2897 987 2936 devastaverunt
1004 2895 1248 2935 ecclesiam
1266 2906 1320 2942 (de
1330 2914 1394 2942 qua
1408 2904 1542 2942 [supra]‚
1555 2913 1586 2934 n.
1599 2905 1718 2946 949);
