1962 3328
544 285 650 317 cu.
674 284 788 325 xvx„
811 283 949 316 vans.
977 283 1145 326 14—N.
1174 284 1292 325 1004.
1495 266 1499 269 ’
1546 281 1661 326 2577

173 399 384 440 haereses
400 397 680 439 exstiterint.
730 395 864 449 Quod
882 396 1069 437 discidia
1086 402 1132 437 et
1147 409 1328 449 pugnae
1346 394 1449 435 illae
1467 394 1524 435 de
1542 395 1660 434 veris

175 455 222 503 et
258 461 390 501 bonis
427 461 516 500 sint
555 474 614 500 ex
650 459 836 507 inferno,
869 458 1148 511 significatur
1179 472 1257 512 per
1288 458 1407 511 quod
1442 458 1662 510 “spiritus

177 522 448 564 daemonum
475 523 692 565 facientes
718 522 848 574 signa
874 522 931 562 ad
960 522 1218 562 abeundum
1249 521 1307 561 ad
1338 533 1469 573 reges
1495 526 1660 568 terrae,

173 593 221 626 et
246 586 366 626 orbis
391 586 546 635 totius,
574 585 630 625 ad
658 585 1030 638 congregandum
1057 583 1159 624 illos
1185 585 1228 623 in
1255 582 1512 637 proelium.”

42 678 49 701 '¹
56 687 65 695 ⁴
112 686 115 687 ⁷
173 685 351 710 (ce-em
359 685 389 706 de
398 685 475 706 Sexto
483 686 639 711 haerena)

246 722 304 756 Ex
320 723 560 757 enumeratis
577 729 618 757 et
635 722 844 767 descriptis
861 722 976 757 bonis
994 732 1094 767 quae
1106 727 1329 767 sequuntur
1340 727 1451 755 msta
1463 710 1662 766 conjugia,

71 762 85 810 ‘J
130 776 134 779 ’
173 769 357 804 concludi
375 776 508 814 potest
530 770 581 804 ad
608 769 712 804 mala
731 780 832 815 quae
850 775 1069 814 sequuntur
1085 768 1290 808 adulteria,
1308 774 1402 803 sunt
1422 768 1532 802 enim
1559 767 1664 801 mala

39 860 42 868 Ι
127 822 130 824 ’
172 815 359 869 opposita
371 816 447 850 illis
461 816 596 851 bonis:
621 827 775 861 nempe,
790 816 879 850 loco
893 826 1071 850 amorum
1087 814 1352 860 spiritualium
1365 821 1407 850 et
1418 814 1662 854 caelestium,

173 873 241 908 qui
266 869 359 897 sunt
386 863 462 897 illis
487 863 554 908 qui
581 863 619 896 in
645 863 764 897 castis
780 862 977 908 conjugiis
994 862 1144 902 vivunt,
1162 869 1256 897 sunt
1278 872 1434 898 amores
1452 861 1663 895 infernales
1684 881 1686 885 ν

173 915 215 944 et
231 909 415 944 diabolici
443 910 518 944 illis
542 910 609 955 qui
636 910 675 944 in
700 910 926 949 adulteriis;
956 910 1045 944 loco
1072 909 1356 955 intelligentiae
1374 915 1415 943 et
1433 908 1662 953 sapientiae,

201 967 275 991 uae
287 963 380 991 sunt
394 956 471 991 illis
483 957 550 1001 qui
570 957 608 990 in
623 956 819 1002 conjugiis
832 964 939 991 caste
952 956 1103 995 vivunt,
1118 964 1211 990 sunt
1225 955 1400 991 insaniae
1413 962 1454 990 et
1467 955 1663 990 stultitiae

55 987 75 1046 j,
119 1011 123 1014 “
175 1003 186 1037 i
204 1002 252 1037 lis
275 1003 343 1048 qui
370 1003 408 1036 in
428 1003 653 1043 adulteriis;
683 1003 772 1038 loco
790 1003 1040 1038 innocentiae
1057 1010 1098 1038 et
1116 1003 1235 1048 pacis,
1253 1014 1354 1048 quae
1372 1009 1465 1037 sunt
1491 1001 1568 1037 illis
1594 1001 1662 1047 qui

54 1063 74 1090 '.‘
125 1076 130 1080 ,
175 1049 215 1083 in
232 1049 352 1084 castis
369 1050 565 1095 conjugiis
582 1050 733 1089 vivunt,
751 1057 844 1085 sunt
861 1050 977 1084 dolus
995 1056 1035 1084 et
1061 1050 1169 1084 nulla
1194 1060 1271 1094 pax
1289 1049 1365 1084 illis
1390 1050 1459 1094 qui
1478 1049 1525 1082 in
1551 1049 1663 1083 adul-

173 1096 302 1136 teriist
331 1097 424 1131 loco
447 1097 649 1142 potentiae
674 1104 715 1131 et
740 1097 888 1131 tutelae
909 1103 1049 1131 contra
1066 1096 1229 1136 inferna,
1247 1107 1348 1142 quae
1373 1102 1467 1131 sunt
1493 1095 1570 1130 illis
1595 1095 1664 1141 qui

174 1150 282 1178 caste
301 1143 340 1177 in
357 1143 553 1188 conjugiis
572 1144 720 1182 vivunt,
739 1150 831 1178 sunt
850 1143 923 1188 ipsi
940 1143 1153 1178 daemonia
1170 1142 1434 1178 1¹1Asmodaea
1449 1150 1491 1177 et
1509 1142 1665 1177 inferna

174 1189 241 1236 qui
260 1189 299 1224 in
317 1190 539 1229 adulteriis;
566 1191 655 1225 loco
672 1190 989 1235 pulchritudinis,
1007 1201 1108 1235 quae
1125 1196 1187 1224 est
1205 1190 1281 1224 illis
1298 1190 1365 1235 qui
1384 1197 1491 1224 caste
1510 1189 1549 1223 in
1568 1200 1664 1224 con-

173 1236 293 1283 jugiis
309 1236 460 1277 vivunt,
477 1244 539 1272 est
556 1237 787 1272 deformitas
805 1237 883 1271 illis
899 1237 966 1282 qui
990 1237 1029 1271 in
1047 1237 1263 1277 adulteriis,
1282 1243 1507 1271 monstrosa
1523 1247 1665 1271 secun-

174 1283 269 1318 dum
287 1283 402 1328 quale
421 1283 589 1318 illorum.
641 1283 735 1318 Sors
754 1284 910 1318 illorum
926 1284 1067 1318 ultima
1083 1291 1156 1323 est,
1170 1285 1278 1329 quod
1295 1295 1344 1318 ex
1362 1295 1518 1318 summa
1536 1284 1663 1328 impo-

174 1329 310 1369 tentia,
329 1330 368 1364 in
394 1341 511 1375 quam
538 1331 698 1365 tandem
725 1341 766 1365 se
792 1331 987 1376 redigunt,
1014 1331 1111 1365 fiant
1136 1338 1316 1376 expertes
1337 1330 1471 1365 omnis
1497 1330 1598 1376 ignis
1623 1337 1664 1365 et

173 1377 274 1412 lucis
297 1377 413 1416 vitae,
438 1387 485 1412 ac
510 1376 656 1423 degant
681 1378 846 1412 solitarii
878 1377 917 1412 in
947 1378 1113 1412 desertis
1139 1378 1240 1413 sicut
1267 1377 1431 1412 inertiae
1456 1388 1502 1412 ac
1531 1378 1665 1413 taedia

174 1430 352 1459 suaemet
368 1424 485 1459 vitae.

243 1561 418 1605 1004.
452 1551 570 1591 “Diei
586 1551 695 1592 illius
716 1552 856 1604 maqm'
875 1551 950 1592 oei
975 1550 1487 1604 omm'poi‘eniis.”—Quod
1519 1551 1662 1604 signi-

146 1641 159 1655 .
174 1611 279 1654 ficet
310 1619 477 1654 statum
500 1619 772 1665 postremum
796 1613 1006 1662 ecclesiae,
1034 1614 1208 1666 quando
1238 1613 1453 1654 adventus
1483 1612 1668 1653 Domini

175 1689 226 1716 ac
247 1676 687 1729 ultimumjudicium,
711 1683 895 1717 constat
918 1691 976 1717 ex
1004 1676 1336 1729 significatione
1361 1677 1485 1717 “diei
1508 1677 1663 1728 magni

60 1738 74 1786 J
115 1753 117 1755 ¹
175 1737 259 1779 Dei
282 1739 647 1791 omnipotentis,''
665 1739 783 1792 quod
807 1740 863 1779 sit
888 1746 1035 1779 status
1058 1740 1243 1780 ultimus
1266 1739 1499 1787 ecclesiae,
1518 1752 1661 1792 quan-

54 1801 90 1859 {J
175 1800 235 1840 do
268 1800 494 1840 adventus
530 1800 714 1840 Domini
749 1813 800 1840 ac
837 1800 1046 1840 ultimum
1079 1800 1295 1852 judicium
1332 1811 1387 1848 (de
1402 1820 1467 1848 qua
1482 1811 1618 1848 [supi-211,
1632 1819 1663 1840 n.

172 1874 285 1916 413).
360 1863 546 1917 Saepius
586 1865 629 1904 in
671 1863 826 1904 Verbo
867 1864 1030 1904 dicitur
1072 1865 1208 1905 “dies
1247 1865 1478 1917 magnus‚”
1523 1866 1661 1905 “dies

173 1925 413 1980 Jehovae‚”
437 1927 568 1967 “dies
590 1928 680 1967 irae
702 1934 748 1967 et
771 1927 1224 1975 excandescentiae,”
1245 1932 1270 1947 ‘¹
1284 1928 1378 1968 dies
1396 1927 1663 1977 vindi&ae,”

178 1990 311 2030 “dies
333 1989 581 2036 terribilis,”
599 1996 645 2029 et
668 1990 711 2029 in
734 1989 822 2030 illis
845 1989 956 2030 locis
978 2004 1057 2042 per
1078 1989 1204 2030 illum
1227 1990 1496 2043 intelligitur
1514 1997 1663 2031 status

177 2051 359 2093 ultimus
390 2052 623 2100 ecclesiae,
656 2058 703 2092 et
735 2059 843 2093 tunc
875 2053 1100 2093 adventus
1138 2053 1332 2101 Domini,
1366 2067 1417 2093 ac
1453 2054 1661 2094 ultimum

109 2147 128 2162 Α,
172 2114 397 2168 judicium.

44 2196 51 2198 s
111 2207 125 2229 ζ
177 2210 352 2236 (ou-meua
361 2211 391 2232 de
400 2211 476 2232 Sexta
486 2211 640 2237 Praecepto.)

248 2247 374 2282 Amor
390 2258 483 2282 vere
507 2248 740 2293 conjugialis
767 2259 846 2283 non
874 2249 956 2283 dari
983 2256 1115 2294 potest
1141 2261 1257 2295 quam
1286 2250 1389 2284 inter
1411 2250 1530 2290 duos;
1561 2251 1664 2285 sicut

64 2294 82 2298 ”
115 2332 118 2336 ,
179 2304 259 2329 non
275 2305 388 2329 amor
406 2294 566 2328 Domini
584 2306 677 2340 erga
695 2296 858 2335 caelum,
877 2297 984 2341 quod
1002 2307 1125 2330 unum
1143 2305 1205 2331 est
1229 2297 1278 2330 ab
1306 2297 1397 2341 Ipso
1415 2304 1455 2331 et
1481 2297 1520 2330 in
1550 2297 1662 2342 Ipso;

179 2351 248 2376 seu
273 2351 365 2387 erga
388 2341 606 2381 ecclesiam,
625 2353 725 2387 quae
748 2342 929 2377 similiter
945 2354 991 2377 ac
1008 2343 1161 2377 caelum
1188 2354 1267 2378 una
1284 2351 1344 2378 est
1369 2344 1418 2378 ab
1438 2343 1530 2388 Ipso
1556 2351 1596 2378 et
1624 2345 1663 2378 in

181 2386 292 2432 Ipso:
320 2399 458 2422 omnes
475 2388 540 2433 qui
568 2388 606 2422 in
632 2389 750 2423 caelis
765 2396 867 2429 sunt,
886 2396 926 2424 et
947 2389 1013 2435 qui
1042 2390 1079 2423 in
1098 2390 1264 2424 ecclesia
1280 2397 1383 2429 sunt,
1404 2402 1524 2423 unum
1544 2399 1662 2425 erunt

128 2461 129 2465 ,
180 2444 250 2479 per
265 2444 440 2469 amorem
459 2442 639 2469 mutuum
664 2446 712 2469 ex
737 2446 871 2470 amore
898 2436 935 2470 in
965 2436 1200 2476 Dominum;
1230 2437 1393 2482 angelus
1419 2438 1457 2470 in
1484 2438 1604 2477 caelo,
1623 2444 1664 2472 et

181 2480 302 2516 homo
328 2481 367 2515 in
386 2482 559 2521 ecclesia,
579 2482 646 2527 qui
672 2493 751 2516 non
777 2493 867 2517 cum
893 2483 1052 2528 reliquis
1070 2494 1191 2517 unum
1221 2484 1274 2518 ita
1300 2484 1403 2522 facit,
1424 2494 1502 2518 non
1528 2491 1589 2518 est
1614 2495 1663 2518 ex

145 2566 147 2569 f
181 2527 302 2568 caelo,
321 2539 392 2562 nec
416 2529 465 2562 ab
482 2529 657 2563 ecclesia.
710 2529 918 2564 Praeterea
938 2530 977 2563 in
1004 2530 1189 2564 universo
1206 2531 1326 2570 caelo,
1345 2538 1385 2565 et
1412 2531 1450 2564 in
1477 2530 1663 2566 universo

183 2574 342 2614 mundo,
372 2582 465 2610 sunt
494 2575 574 2610 duo
599 2576 649 2610 ad
679 2586 780 2621 quae
805 2577 939 2611 omnia
967 2588 1008 2611 se
1039 2576 1232 2616 refer-unm
1267 2577 1333 2612 illa
1362 2578 1442 2612 duo
1469 2585 1664 2612 vocantur

181 2620 328 2656 bonum
345 2628 386 2656 et
402 2632 560 2661 verum;
589 2633 638 2656 ex
664 2622 740 2657 illis
766 2623 805 2656 in
830 2635 951 2657 unum
971 2622 1194 2668 conjunflis
1211 2624 1346 2658 omnia
1362 2635 1461 2669 quae
1486 2624 1525 2658 in
1552 2626 1663 2660 caelo

100 2686 105 2708 ς
156 2673 158 2677 “
181 2672 224 2702 et
240 2667 279 2701 in
298 2669 447 2703 mundo
465 2676 568 2708 sunt,
586 2669 822 2704 exstiterunt
840 2677 880 2704 et
897 2670 1137 2710 subsistunt;
1164 2681 1285 2715 quum
1305 2682 1425 2705 unum
1445 2678 1548 2711 sunt,
1566 2679 1663 2706 tunc

182 2713 328 2748 bonum
344 2721 404 2750 est
418 2715 457 2748 in
470 2726 576 2755 vero,
591 2726 637 2750 ac
649 2727 786 2751 verum
801 2724 862 2751 est
877 2717 915 2751 in
929 2718 1045 2756 bono,
1061 2727 1106 2751 ac
1120 2728 1255 2751 verum
1271 2725 1331 2752 est
1344 2718 1436 2752 boni
1455 2726 1495 2753 et
1514 2719 1661 2753 bonum

106 2762 123 2790 Ἄ
184 2766 245 2795 est
257 2761 358 2800 veri;
384 2761 438 2796 ita
451 2762 630 2807 agnoscit
644 2773 767 2796 unum
781 2763 946 2798 alterum
963 2771 1006 2798 ut
1024 2775 1138 2798 suum
1154 2770 1335 2798 mutuum
1350 2771 1390 2799 et
1405 2765 1661 2810 reciprocum,

184 2813 225 2860 et
244 2806 346 2842 sicut
363 2818 482 2853 agens
498 2819 612 2843 suum
633 2820 805 2855 reagens,
824 2817 864 2844 et
880 2810 1064 2845 vicissim.
1118 2810 1174 2844 Ex
1202 2811 1276 2845 hoc
1297 2811 1506 2847 universali
1524 2812 1662 2858 conju-

183 2863 260 2898 gio,
267 2860 327 2888 est
340 2865 451 2889 amor
462 2855 695 2901 conjugialis
710 2855 813 2890 inter
826 2858 1010 2891 maritum
1026 2864 1065 2891 et
1083 2868 1254 2892 uxorem.
1306 2858 1471 2893 Maritus
1486 2859 1541 2893 ita
1553 2869 1661 2893 crea-

102 2892 105 2893 ⁷
129 2915 134 2918 ·
184 2907 249 2934 tus
273 2906 334 2935 est
358 2907 403 2936 ut
428 2901 478 2936 sit
497 2901 719 2938 intenectus
735 2903 828 2943 veri,
846 2910 887 2938 et
911 2915 1012 2938 uxor
1030 2904 1084 2938 ita
1107 2911 1237 2939 creata
1254 2911 1314 2940 est
1339 2912 1383 2939 ut
1408 2905 1458 2940 sit
1475 2906 1661 2941 voluntas
