1962 3328
266 286 381 329 2500
681 286 1011 320 APOCALYPSIS
1044 288 1342 321 EXPLICATA.

263 398 351 437 tias
377 398 645 450 spirituales,
675 399 736 439 ita
764 399 886 440 calor
913 406 958 440 et
992 399 1069 440 lux
1097 401 1249 441 mundi
1276 400 1503 441 vivificant
1531 402 1751 442 essentias

263 461 517 511 naturales;
552 462 630 501 sed
657 476 794 515 usque
817 462 940 502 calor
965 470 1010 503 et
1039 463 1117 503 lux
1140 464 1293 504 mundi
1321 477 1410 504 non
1437 463 1664 504 vivificant
1691 478 1750 504 ex

263 536 325 570 se,
350 523 429 563 sed
456 537 514 563 ex
542 523 690 564 calore
717 532 762 564 et
791 524 888 565 luce
912 525 1038 573 caeli,
1063 527 1126 565 ita
1151 540 1177 565 a
1205 526 1415 566 Domino.
1480 526 1606 566 Haec
1631 524 1752 567 dicta

262 592 368 626 sunt
401 593 449 627 ut
481 587 649 627 sciatur
675 588 794 640 quod
824 587 1043 628 Dominus
1069 589 1126 628 sit
1159 590 1303 641 ipsum
1337 589 1548 629 Divinum
1577 589 1751 629 Bonum

262 655 309 689 et
338 649 550 689 Divinum
578 649 762 698 Verum,
792 652 855 690 ita
882 651 1004 690 solus
1031 650 1236 692 §alnotus

262 735 462 761 (Continualim)

264 769 308 803 In
337 770 442 804 hunc
469 778 614 805 statum
641 771 751 805 venit
777 772 899 806 homo
925 772 991 816 qui
1019 772 1120 818 fugit
1146 773 1247 807 mala
1271 775 1364 818 quia
1390 780 1559 818 peccata,
1577 779 1618 808 et
1643 784 1752 818 spec-

260 822 320 850 tat
345 817 395 851 ad
423 816 659 852 Dominum:
688 825 728 852 et
754 825 905 852 tantum
937 819 974 852 in
1003 819 1111 853 illum
1137 826 1283 854 statum
1302 820 1420 859 venit,
1439 827 1631 865 quantum
1651 820 1752 854 mala

264 871 306 897 ut
323 871 484 908 peccata
502 871 703 898 aversatur
720 872 759 899 et
785 866 1014 905 detestatur,
1033 872 1073 900 et
1094 874 1285 911 quantum
1307 866 1522 901 Dominum
1550 867 1687 906 solum,
1707 877 1752 901 ac

264 909 451 963 Divinum
483 910 608 956 Ipsius
635 911 754 945 etiam
786 912 824 945 in
854 911 1052 952 Humano,
1079 913 1198 947 corde
1228 913 1407 959 agnoscit
1436 920 1476 948 et
1505 913 1610 948 colit.
1663 913 1751 948 Hoc

261 967 517 992 summarium
538 965 608 993 est.

340 1074 477 1117 945.
519 1064 683 1109 “auat-e
727 1077 865 1105 omnes
895 1068 1043 1117 gentes
1084 1065 1241 1105 venient
1275 1068 1319 1105 ei
1352 1065 1578 1106 adorabunt
1613 1077 1752 1104 cot-am

267 1123 558 1175 Te.''-—Quod
595 1124 821 1176 significet
858 1125 978 1177 quod
1006 1138 1151 1165 omnes
1185 1125 1345 1178 qui-in
1376 1125 1482 1165 bono
1511 1125 1681 1165 amoris
1710 1130 1752 1164 et

260 1184 361 1225 inde
390 1185 509 1224 veris
541 1192 655 1233 sunt,
685 1186 890 1238 agnituri
916 1186 1006 1226 sint
1035 1186 1248 1226 Divinum
1281 1187 1446 1238 Ipsius,
1476 1190 1659 1227 constat
1691 1200 1749 1226 ex

260 1247 592 1299 significatione
622 1248 905 1300 “gentium,’'
928 1249 1047 1302 quod
1073 1250 1162 1289 sint
1190 1249 1262 1302 qui
1294 1250 1337 1288 in
1368 1249 1494 1289 bono
1514 1249 1677 1288 amoris
1704 1255 1750 1289 et

259 1308 364 1347 inde
387 1309 503 1348 veris
525 1315 630 1349 sunt
653 1320 707 1355 (de
723 1329 786 1356 qua
803 1320 936 1358 [supra]
953 1330 982 1349 n.
1000 1319 1086 1361 175,
1104 1310 1327 1362 331,625);
1363 1316 1409 1350 et
1436 1324 1494 1349 ex
1517 1309 1748 1362 significa-

260 1368 386 1407 tione
412 1368 682 1415 “adorare,''
704 1370 825 1421 quod
851 1370 908 1409 sit
931 1382 1180 1421 agnoscere
1205 1369 1342 1409 corde
1368 1375 1414 1409 et
1441 1369 1592 1409 colere
1618 1380 1672 1417 (de
1687 1388 1751 1416 qua

261 1437 396 1475 [supra]
411 1447 441 1467 n.
458 1427 639 1479 [¹1790[a],
655 1429 991 1480 805[a].821[a]):
1016 1429 1135 1481 quod
1155 1442 1234 1481 per
1255 1433 1279 1448 ‘⁴
1293 1442 1452 1468 omnes
1469 1435 1635 1481 gentes
1648 1428 1666 1441 '¹
1685 1428 1748 1468 illi

259 1488 405 1528 solum
425 1489 750 1541 intelligantur,
768 1496 895 1542 patet
913 1504 922 1540 ;
950 1503 1054 1529 nam
1072 1491 1209 1530 etiam
1229 1496 1332 1529 sunt
1351 1491 1423 1543 qui
1442 1503 1532 1530 non
1550 1490 1748 1542 agnituri

261 1557 367 1591 sunt
394 1551 651 1591 Dominum.

261 1636 322 1661 (Con
326 1638 459 1663 tinuatio.)

330 1670 502 1717 Quando
521 1671 642 1706 homo
661 1672 698 1706 in
726 1683 774 1706 eo
799 1679 903 1707 statu
931 1679 1000 1713 est,
1019 1679 1114 1707 tunc
1140 1673 1316 1708 elevatus
1339 1679 1399 1707 est
1424 1683 1447 1707 a
1472 1683 1544 1707 suo
1570 1671 1750 1717 proprio:

259 1718 382 1752 homo
408 1718 512 1752 enim
541 1718 578 1752 in
606 1729 678 1753 suo
704 1719 863 1764 proprio
889 1730 978 1753 cum
1006 1720 1133 1754 solum
1162 1719 1200 1754 in
1227 1726 1391 1754 externo
1413 1719 1579 1754 naturali
1601 1726 1680 1758 est;
1709 1725 1750 1753 at

258 1765 434 1800 elevatus
460 1776 482 1799 a
508 1766 667 1810 proprio
693 1773 752 1800 est
778 1776 867 1800 cum
896 1766 934 1800 in
959 1766 1114 1801 interno
1132 1766 1335 1811 spirituali.
1398 1765 1516 1812 Quod
1542 1776 1566 1800 a
1590 1765 1750 1811 proprio

259 1812 434 1846 elevatus
460 1812 510 1847 sit
537 1823 616 1847 non
635 1813 755 1847 sentit
779 1813 910 1852 homo,
931 1813 1004 1848 nisi
1031 1824 1078 1847 ex
1104 1824 1162 1852 eo,
1181 1814 1287 1858 quod
1315 1824 1394 1847 non
1413 1813 1562 1858 cogitet
1579 1812 1690 1851 mala,
1709 1819 1750 1846 et

257 1859 365 1903 quod
396 1866 597 1893 aversetur
625 1859 799 1905 cogitare
831 1860 905 1897 illa,
937 1867 976 1894 et
1009 1860 1116 1905 quod
1147 1861 1365 1895 delectetur
1393 1860 1505 1899 veris,
1535 1870 1581 1894 ac
1614 1858 1749 1894 usibus

258 1905 392 1946 bonis;
424 1905 454 1940 is
480 1913 613 1940 tamen
633 1906 764 1945 homo,
783 1906 814 1940 si
843 1907 1006 1941 ulterius
1034 1907 1071 1940 in
1092 1907 1200 1940 illum
1219 1913 1365 1941 statum
1385 1906 1644 1952 progreditur,
1664 1916 1750 1950 per·

258 1951 354 1996 cipit
373 1953 502 1997 aliqua
515 1953 758 1998 cogitatione
774 1953 974 1992 influxum,
990 1954 1056 1988 sed
1077 1965 1200 1999 usque
1219 1964 1297 1988 non
1317 1953 1517 1988 detinetur
1533 1963 1556 1987 a
1573 1952 1748 1998 cogitare

258 2005 298 2034 et
315 1999 415 2033 velle
441 1999 542 2033 sicut
568 2010 591 2034 a
614 2011 666 2039 se,
686 1999 762 2034 hoc
783 2000 887 2034 enim
915 2001 999 2034 vult
1020 2000 1213 2035 Dominus
1232 2006 1392 2045 propter
1409 1999 1748 2038 reformationem:

258 2053 446 2091 agnoscet
460 2053 592 2081 tamen
607 2047 713 2091 quod
730 2047 826 2080 nihil
845 2047 938 2082 boni
953 2054 992 2082 et
1011 2047 1102 2082 inde
1116 2047 1197 2082 veri
1216 2047 1266 2082 sit
1281 2058 1327 2082 ex
1341 2058 1393 2086 se,
1408 2047 1476 2081 sed
1496 2057 1543 2081 ex
1563 2045 1748 2081 Domino.

337 2157 476 2210 946.
516 2157 644 2202 “Ouia
659 2157 814 2210 judicia
839 2161 908 2197 tua
931 2158 1196 2198 manifestata
1221 2158 1549 2210 ,marist—Quod
1579 2157 1746 2210 signifi-

258 2224 331 2257 cet
359 2218 477 2270 quod
502 2218 593 2258 illis
620 2219 787 2259 Divina
812 2233 918 2259 vera
945 2219 1142 2259 revelata
1167 2220 1271 2266 sint,
1301 2226 1482 2259 constat
1516 2233 1574 2259 ex
1607 2219 1745 2271 signi-

257 2280 467 2321 ficatione
513 2281 853 2333 “judiciorum“
898 2283 1017 2335 quod
1061 2283 1151 2322 sint
1195 2282 1357 2322 Divina
1398 2296 1534 2328 vera,.
1562 2282 1618 2322 de
1659 2295 1746 2334 qua

258 2345 482 2396 sequitur;
516 2350 561 2384 et
585 2358 642 2383 ex
666 2343 995 2396 significatione
1021 2344 1373 2391 “manifestari,”
1392 2344 1510 2397 quod
1535 2345 1592 2384 sit
1616 2357 1744 2383 reve·

258 2406 350 2445 lari.
415 2405 547 2458 Quod
586 2406 748 2446 Divina
785 2421 889 2447 vera
930 2406 975 2446 in
1012 2406 1097 2447 fine
1135 2406 1352 2447 ecclesiae
1389 2406 1657 2453 revelentur,
1697 2412 1743 2446 et

258 2468 377 2521 quod
410 2468 611 2508 revelata
643 2470 747 2516 sint,
777 2470 819 2509 in
852 2470 1143 2522 sequentibus
1176 2471 1219 2509 in
1253 2469 1337 2509 hoc
1371 2470 1520 2522 capite
1552 2469 1740 2515 dicetur,

257 2532 359 2584 quia
384 2532 442 2571 ibi
469 2532 524 2571 de
551 2531 636 2571 illis
663 2533 823 2584 agitur.
887 2532 1019 2584 Quod
1046 2531 1244 2584 “judicia
1257 2531 1276 2546 '’
1299 2531 1553 2584 significent
1579 2531 1743 2570 Divina

256 2608 376 2641 vera,
409 2601 478 2634 est
510 2595 611 2647 quia
644 2594 768 2647 leges
801 2596 1028 2647 regiminis
1060 2596 1103 2634 in
1135 2608 1276 2647 regno
1309 2594 1525 2647 spirituali
1559 2594 1742 2634 Domini

256 2663 478 2696 vocantur
511 2657 748 2709 “judicia,”
781 2658 906 2710 leges
937 2653 1089 2698 autem
1121 2657 1349 2710 regiminis
1381 2658 1424 2696 in
1461 2670 1601 2709 regno
1638 2671 1741 2698 cae-

257 2719 360 2759 lesti
388 2719 569 2759 Domini
595 2727 816 2760 vocantur
845 2720 1053 2772 “justitia
1074 2720 1107 2770 ;'’
1140 2720 1264 2772 leges
1296 2721 1413 2760 enim
1440 2721 1669 2772 regiminis
1696 2722 1738 2760 in

256 2794 400 2833 regno
437 2783 654 2834 spirituali
691 2783 873 2823 Domini
911 2789 1014 2823 sunt
1052 2783 1177 2835 leges
1214 2796 1273 2822 ex
1312 2782 1476 2822 Divino
1514 2782 1651 2830 Vero,
1691 2789 1739 2823 at

257 2843 383 2896 leges
415 2845 642 2896 regiminis
678 2845 721 2884 in
759 2859 900 2898 regno
934 2845 1120 2886 caelesti
1158 2845 1339 2885 Domini
1377 2851 1479 2885 sunt
1518 2845 1643 2897 leges
1680 2859 1739 2885 ex

257 2905 423 2946 Divino
448 2906 587 2947 Bono.
640 2908 749 2948 Inde
768 2915 837 2948 est
861 2909 980 2962 quod
1002 2909 1046 2948 in
1065 2908 1219 2948 Verbo
1236 2908 1442 2948 dicantur
1462 2907 1706 2960 “judicium
1721 2907 1739 2924 ''
