1962 3328
623 233 626 235 Δ
650 263 755 295 CAP.
779 263 874 303 xv„
898 263 1034 295 VERs.
1060 263 1204 306 3.—-N.
1227 265 1323 307 939.
1614 262 1722 306 2495

322 373 457 427 938.
496 373 727 420 “oscensem
761 374 907 427 Magna
944 377 988 414 ot
1020 373 1219 414 mirabilia
1257 386 1380 426 opem
1418 372 1724 425 tuuf—Quod

244 438 463 491 significet
489 439 608 491 quod
635 439 780 479 omnia
812 439 921 479 bona
953 439 1065 479 caeli
1098 446 1140 479 et
1174 438 1372 479 ecclesiae
1400 439 1492 479 sint
1520 438 1575 479 ab
1605 438 1722 491 Ipso,

243 507 422 541 constat
439 515 498 541 ex
516 500 839 553 significatione
857 506 882 521 ‘⁴
894 514 1077 554 operum
1096 501 1315 549 Domini,”
1329 501 1449 554 quod
1467 502 1555 541 sint
1572 501 1722 541 omnia

242 563 364 603 bona
399 563 510 603 caeli
546 571 592 604 et
628 563 870 614 ecclesiae;
916 564 1036 617 quod
1077 564 1187 604 haec
1224 577 1302 616 per
1339 567 1516 615 “opera
1551 562 1724 615 Ipsius’'

242 624 560 678 significentur,
584 632 654 665 est
680 626 781 678 quia
806 627 1017 679 sequitur,
1037 626 1216 679 “justae
1243 633 1288 666 et
1309 640 1441 666 verae
1459 626 1556 666 viae
1579 625 1724 672 tuae,’'

241 694 288 727 et
327 701 406 740 per
438 687 598 727 “vias’'
629 687 810 728 Domini
850 688 1157 740 significantur
1195 689 1345 728 omnia
1385 701 1490 728 vera
1528 687 1639 727 caeli
1677 694 1723 727 et

241 749 483 790 ecclesiae:
516 750 560 789 in
582 749 737 790 Verbo
759 751 877 790 enim
903 751 976 790 ubi
998 751 1159 791 dicitur
1180 751 1235 791 de
1262 751 1381 791 bono
1403 751 1538 790 etiam
1562 750 1723 790 dicitur

241 812 298 852 de
322 826 441 860 vero,
470 819 652 865 propter
683 813 936 865 conjugium
969 813 1179 862 caeleste,
1213 813 1331 867 quod
1363 819 1432 853 est
1464 812 1719 865 conjugium

241 874 346 915 boni
377 881 432 915 et>
448 875 552 923 veri,
576 875 619 914 in
645 876 829 927 singulis
855 875 973 928 ejus;
1010 876 1114 916 inde
1140 890 1313 929 quoque
1340 882 1468 928 patet
1494 876 1613 928 quod
1645 887 1722 927 pei·

243 937 446 989 “opera‘'
471 938 541 978 hic
568 937 873 990 significentur
902 939 1034 987 bona,
1063 945 1109 979 et
1141 952 1219 990 per
1246 938 1408 978 ‘fvias”
1433 951 1563 978 vera:
1602 938 1720 991 quod

240 999 359 1040 bona
385 1000 495 1040 caeli
521 1006 567 1040 et
593 1001 808 1057 ecclesiae
833 1002 922 1041 sint
948 1014 1084 1053 opera
1110 1001 1304 1049 Domini,
1329 1007 1398 1041 est
1424 1002 1526 1054 quia
1547 1001 1719 1041 caelum

240 1068 310 1102 est
332 1062 503 1102 caelum
526 1069 572 1103 et
594 1063 784 1103 ecclesia
805 1070 873 1103 est
892 1063 1082 1103 ecclesia
1103 1077 1162 1103 ex
1180 1063 1300 1104 bono
1317 1064 1479 1104 amoris
1501 1064 1544 1103 in
1563 1063 1720 1103 Domi-

240 1135 346 1162 num
382 1129 428 1162 et
459 1123 581 1162 bono
611 1124 777 1168 amoris
812 1136 922 1176 erga
951 1124 1210 1176 proximum
1237 1134 1395 1172 (videatur
1413 1143 1494 1172 opus
1514 1135 1564 1163 De
1587 1135 1724 1170 Caelo-et

239 1186 374 1224 Inserno,
387 1194 419 1215 n.
435 1186 558 1224 13-19).

238 1271 434 1297 (ce-utinum.)

309 1303 454 1339 Adlum
472 1310 532 1340 est
550 1304 589 1339 in
607 1305 773 1341 articulo
791 1305 895 1350 [¹1936
912 1306 962 1341 de
980 1306 1210 1341 desistentia
1228 1317 1250 1341 a
1274 1307 1386 1342 malis
1403 1318 1451 1342 ex
1468 1307 1591 1342 libero
1609 1308 1721 1353 spiri-

238 1351 345 1392 tuali,
364 1351 403 1386 in
429 1362 508 1397 quo
525 1352 795 1398 unusquisque
813 1353 934 1388 homo
949 1359 1108 1388 tenetur
1131 1364 1155 1387 a
1181 1353 1377 1388 Domino:
1405 1360 1446 1388 at
1471 1355 1563 1399 quia
1587 1355 1722 1389 omnia

238 1398 350 1438 mala,
369 1398 408 1432 in
434 1409 535 1444 quae
553 1398 674 1433 homo
691 1400 874 1440 nascitur,
892 1400 1055 1434 trahunt
1075 1410 1165 1435 suas
1191 1400 1341 1435 radices
1366 1411 1414 1435 ex
1439 1411 1573 1436 amore
1600 1401 1722 1446 impe-

237 1444 350 1479 randi
375 1455 492 1490 super
515 1445 623 1485 alios,
641 1453 681 1480 et
706 1456 754 1480 ex
779 1457 912 1481 amore
938 1446 1165 1491 possidendi
1192 1447 1295 1481 bona
1320 1447 1496 1487 aliorum,
1524 1455 1563 1482 et
1587 1449 1721 1483 omnia

237 1491 411 1536 jucunda
426 1491 531 1526 vitae
549 1492 727 1537 propriae
746 1492 917 1528 hominis
934 1504 982 1527 ex
1000 1493 1101 1528 binis
1125 1493 1199 1528 illis
1217 1494 1416 1529 amoribus
1432 1494 1662 1535 scaturiunt,
1681 1503 1721 1529 et

236 1537 330 1584 quia
346 1538 480 1573 omnia
497 1538 600 1572 mala
615 1549 663 1573 ex
690 1539 764 1574 illis
781 1546 883 1579 sunt,
904 1539 994 1574 inde
1012 1540 1130 1574 etiam
1149 1540 1290 1574 horum
1308 1551 1462 1575 amores
1479 1548 1519 1575 et
1534 1541 1719 1586 jucunda.

237 1595 378 1630 nempe
397 1585 599 1625 malorum,
613 1592 705 1620 sunt
721 1586 826 1620 vitae
840 1586 1019 1631 propriae
1037 1586 1220 1621 hominis.
1271 1586 1386 1621 Nunc
1400 1587 1492 1632 quia
1510 1588 1612 1622 mala
1629 1596 1720 1622 sunt

237 1631 341 1666 vitae
366 1631 536 1666 hominis
563 1632 664 1671 inde,
691 1633 868 1678 sequitur
892 1633 999 1678 quod
1025 1633 1146 1668 homo
1171 1634 1220 1667 ab
1251 1633 1326 1668 illis
1354 1645 1402 1668 ex
1431 1645 1473 1669 se
1498 1635 1720 1669 nullatenus

236 1677 425 1713 desistere
442 1678 576 1723 possit,
592 1679 629 1712 id
649 1679 753 1713 enim
771 1679 873 1714 foret
890 1679 1078 1714 desistere
1095 1690 1119 1714 a
1134 1690 1206 1715 sua
1221 1680 1304 1715 vita
1320 1691 1368 1715 ex
1385 1692 1456 1715 sua
1473 1681 1574 1722 vita;
1600 1692 1720 1726 quare

236 1724 437 1769 provisum
462 1731 523 1760 est
547 1731 591 1759 ut
620 1726 668 1760 ab
695 1726 770 1761 illis
795 1726 983 1761 desistere
1009 1727 1134 1772 possit
1158 1737 1182 1761 a
1208 1726 1402 1767 Domino;
1436 1734 1558 1773 utque
1584 1729 1718 1772 possit,

236 1771 372 1805 datum
398 1771 434 1806 ei
459 1778 519 1807 est
544 1772 709 1807 liberum
734 1773 935 1818 cogitandi
961 1773 1068 1818 quod
1093 1773 1199 1813 velit,
1226 1780 1265 1808 et
1290 1784 1448 1819 quoque
1473 1775 1718 1819 supplicandi

238 1816 452 1852 Dominum
478 1819 528 1853 de
552 1829 647 1863 ope:
677 1821 782 1864 quod
811 1819 849 1853 in
875 1819 998 1854 libero
1023 1819 1084 1859 sit,
1107 1826 1167 1854 est
1192 1820 1286 1865 quia
1309 1827 1369 1855 est
1395 1821 1434 1854 in
1461 1821 1593 1855 medio
1619 1821 1720 1856 inter

235 1864 386 1899 caelum
405 1871 445 1899 et
462 1865 668 1905 infernum,
687 1873 974 1911 consequenter
991 1865 1093 1901 inter
1109 1867 1256 1901 bonum
1275 1874 1315 1901 et
1333 1868 1498 1906 malum:
1529 1875 1567 1902 et
1585 1868 1653 1913 qui
1681 1869 1718 1901 in

235 1911 368 1946 medio
393 1918 463 1951 est,
490 1912 528 1946 in
555 1912 786 1957 aequilibrio
812 1919 881 1952 est,
907 1920 947 1947 et
976 1913 1043 1958 qui
1074 1913 1113 1947 in
1139 1914 1371 1959 aequilibrio
1397 1914 1429 1949 is
1459 1921 1590 1959 potest
1615 1914 1718 1949 facili

235 1968 355 2003 opera
371 1964 411 1993 et
428 1958 530 1993 sicut
546 1970 617 1993 sua
634 1966 775 2004 sponte
792 1970 834 1994 se
850 1966 1003 1994 vertere
1020 1959 1098 1994 huc
1116 1959 1217 1999 illuc,
1236 1967 1276 1995 et
1294 1971 1342 1995 eo
1359 1961 1456 2005 plus,
1471 1961 1563 2006 quia
1583 1961 1719 1995 Domi-

235 2015 310 2039 nus
326 2004 513 2039 continue
531 2005 676 2040 resistit
695 2006 806 2040 malis
824 2012 864 2040 et
889 2006 1041 2051 repellit
1059 2017 1115 2046 ea,
1133 2017 1179 2041 ac
1200 2007 1327 2041 elevat
1345 2007 1557 2047 hominem,
1577 2014 1616 2042 et
1641 2015 1719 2042 tra-

235 2050 296 2085 hit
325 2051 434 2085 illum
460 2052 509 2086 ad
541 2051 602 2086 Se.
652 2052 730 2087 Sed
760 2063 884 2098 usque
910 2053 1043 2088 existit
1069 2064 1210 2099 pugna,
1237 2054 1330 2098 quia
1358 2055 1470 2094 mala,
1497 2065 1597 2099 quae
1627 2062 1719 2089 sunt

234 2097 340 2132 vitae
357 2098 539 2138 hominis,
554 2109 577 2133 a
594 2099 717 2138 malis,
732 2110 832 2144 quae
850 2100 898 2134 ab
916 2099 1070 2134 inferno
1083 2100 1230 2145 jugiter
1246 2108 1471 2146 exsurgunt,
1488 2101 1717 2139 incitantur:

235 2151 275 2179 et
292 2151 387 2179 tunc
405 2155 578 2190 pugnare
592 2146 709 2180 debet
727 2146 847 2181 homo
860 2153 999 2181 contra
1017 2146 1091 2186 illa,
1107 2153 1147 2181 et
1165 2147 1324 2192 quidem
1342 2148 1445 2182 sicut
1462 2158 1485 2181 a
1502 2159 1562 2188 se;
1588 2148 1620 2182 si
1639 2159 1718 2183 non

235 2191 337 2226 sicut
354 2201 378 2226 a
393 2202 445 2231 se,
465 2192 567 2226 mala
584 2203 663 2227 non
682 2199 923 2238 separantur.

309 2317 445 2360 939.
487 2308 676 2348 “Domine
710 2308 818 2349 Deus
847 2308 1324 2362 omm'potens.''—-Quod
1355 2309 1579 2362 significet
1610 2310 1718 2362 quia

234 2367 445 2408 Divinum
470 2369 636 2409 Bonum
661 2376 728 2410 est
749 2370 864 2422 Ipse,
888 2377 1068 2411 constat
1094 2385 1152 2411 ex
1185 2370 1510 2423 significatione
1536 2372 1716 2411 “omni-

235 2431 505 2482 potentiae,'’
531 2432 649 2484 quod
682 2433 738 2472 sit
770 2446 882 2480 esse,
910 2434 1121 2479 existere,
1150 2446 1281 2484 posse
1314 2439 1359 2473 et
1386 2434 1533 2473 vivere
1566 2447 1624 2473 ex
1658 2433 1715 2474 Se

236 2491 343 2544 Ipso
364 2493 893 2545 (dequa[supra.]n.43‚689);
920 2500 965 2533 et
987 2494 1091 2546 quia
1113 2494 1264 2532 omnia
1282 2494 1402 2532 bona
1419 2499 1464 2533 et
1483 2507 1589 2533 vera
1611 2502 1716 2534 sunt

234 2566 293 2593 ex
316 2552 420 2605 Ipso
442 2554 542 2606 quia
566 2554 610 2592 in
634 2553 750 2605 Ipso,
774 2554 946 2602 dicitur,
970 2554 1202 2594 “Domine
1230 2553 1352 2593 Deus
1370 2553 1402 2603 ;”
1428 2554 1717 2594 “Dominus’'
1761 2552 1764 2556 ’

234 2615 352 2654 enim
378 2615 538 2655 dicitur
562 2629 620 2655 ex
648 2616 811 2656 Divino
838 2615 979 2664 Bono,
1007 2623 1053 2657 et
1081 2615 1273 2655 “Deus’'
1299 2629 1356 2655 ex
1381 2616 1542 2656 Divino
1565 2616 1714 2665 Vero;

235 2682 281 2717 et
312 2678 414 2730 quia
446 2677 535 2730 Ipsi
567 2679 899 2731 omnipotentia
927 2685 998 2719 est
1030 2693 1087 2719 ex
1123 2678 1288 2717 Divino
1322 2677 1449 2718 Bono
1481 2692 1559 2731 per
1590 2678 1714 2719 Divi-

237 2750 342 2777 num
372 2737 558 2786 Verum,
591 2739 765 2786 dicitur,
795 2739 1029 2779 “Domine
1062 2739 1187 2779 Deus
1217 2739 1546 2791 omnipotens.''
1603 2750 1718 2786 (Quod

236 2800 392 2830 Dominus
407 2802 528 2830 dicatur
543 2799 559 2809 '⁴
573 2802 731 2830 Dominus
741 2802 757 2810 ''
774 2802 806 2830 in
821 2803 928 2831 Verbo
943 2811 981 2830 ex
1003 2802 1119 2830 Divino
1142 2802 1243 2834 Bono.
1259 2802 1403 2831 videatur
1417 2802 1550 2840 [supra]⁸
1566 2811 1596 2832 n.
1612 2792 1693 2844 685
1708 2813 1714 2837 ;

235 2858 267 2881 et
280 2853 369 2890 quod
383 2851 400 2861 '¹
414 2853 528 2883 Deus⁰
545 2863 583 2883 ex
600 2855 716 2884 Divino
731 2855 825 2889 Vero,
842 2864 872 2884 n.
890 2855 953 2895 24,
971 2854 1117 2893 220[a].
1133 2843 1244 2893 688.)
