1962 3328
670 303 737 335 DE
766 301 946 335 DIVINO
975 300 1274 334 AMORE.-—11.
1688 300 1715 342 7

232 412 441 458 tell'eaus
466 422 512 457 et
542 416 646 456 inde
670 414 960 468 cogitationis
974 428 986 465 ;
1021 419 1069 454 et
1094 412 1215 467 quod
1239 418 1311 453 est
1334 412 1431 453 vita
1454 409 1715 452 intellectus

231 486 279 520 et
311 480 415 520 inde
445 479 749 532 cogitationis,
776 478 862 518 hoc
889 490 1066 531 quoque
1096 482 1166 516 est
1197 476 1292 516 vita
1322 475 1463 516 totius
1492 475 1714 524 hominis;

231 549 302 582 est
324 543 442 582 enim
467 543 562 582 vita
585 542 784 581 omnium
815 552 1040 587 sensuum,
1066 545 1114 579 et
1144 539 1239 579 vita
1268 538 1467 578 omnium
1494 544 1712 585 motuum,

230 605 295 644 ita
318 611 388 645 est
409 605 503 645 vita
522 616 793 656 organorum
818 616 897 656 per
917 615 1031 655 quae
1052 614 1209 642 sensus
1234 607 1281 641 et
1305 606 1457 640 motus
1478 600 1683 640 existunt
1704 613 1713 648 ;

231 667 352 720 quod
387 667 524 707 etiam
559 667 617 707 sit
652 666 747 706 vita
776 665 1046 718 reliquorum
1076 664 1311 711 viscerum,
1342 663 1389 703 in
1424 662 1715 715 sequentibus

231 729 465 770 videbitur.
536 728 670 781 Quod
706 729 932 768 nesciatur
966 727 1071 780 quid
1106 739 1244 774 amor,
1282 732 1352 766 est
1392 726 1530 766 etiam
1566 738 1714 771 causa,

229 793 332 844 quia
355 805 481 832 amor
504 791 697 832 hominis
719 797 789 831 est
816 791 910 830 vita
931 789 1206 830 universalis.
1266 789 1349 829 Per
1372 789 1514 829 vitam
1536 788 1714 827 univer-

229 853 369 894 salem
394 854 661 907 intelligitur
684 854 779 893 vita
803 854 847 893 in
873 852 1261 905 singularissimis;
1293 864 1397 891 nam
1423 865 1483 891 ex
1511 850 1580 890 his
1604 850 1714 890 dici-

230 923 302 956 tur
325 917 588 964 universale,
611 918 725 956 sicut
746 930 807 956 ex
828 916 1031 968 partibus
1052 927 1303 955 commune.
1364 913 1482 954 Illud
1505 913 1626 966 quod
1650 913 1715 953 ita

230 979 478 1019 universale
502 986 587 1027 est,
610 979 695 1019 hoc
724 991 813 1018 non
835 978 1077 1031 percipitur
1097 977 1228 1018 aliter
1249 990 1384 1030 quam
1405 978 1521 1017 sicut
1548 989 1685 1016 unum
1704 990 1713 1025 ;

229 1054 282 1082 ac
307 1054 442 1082 unum
467 1042 636 1095 absque
666 1041 956 1094 perceptione
980 1039 1195 1093 singulari
1220 1040 1511 1093 singularium
1537 1045 1607 1080 est
1638 1039 1717 1079 ob-

202 1147 210 1153 ,
229 1117 405 1144 scurum
427 1118 437 1154 ;
483 1105 729 1157 comparari
770 1109 924 1156 potest
965 1116 1065 1143 cum
1106 1102 1205 1143 luce
1244 1103 1563 1143 candidissima
1601 1116 1715 1155 quae

229 1166 407 1207 oculum
433 1173 658 1207 occaecat.
718 1166 830 1206 Tale
854 1179 1030 1219 quoque
1056 1171 1126 1206 est
1156 1165 1368 1216 Divinum
1395 1164 1645 1205 universale
1670 1165 1715 1205 in

228 1229 589 1282 singularissimis
621 1229 803 1278 mundi3
844 1242 980 1282 quare
1020 1228 1157 1268 etiam
1193 1227 1304 1268 illud
1344 1241 1497 1268 coram
1533 1227 1715 1268 homine

229 1292 295 1331 ita
327 1292 565 1332 obscurum
605 1298 675 1332 est
715 1298 763 1332 ut
805 1305 895 1332 non
931 1304 1083 1332 coram
1117 1298 1277 1344 aperto
1313 1291 1447 1332 oculo
1482 1298 1713 1344 appareat,

230 1354 310 1394 sed
344 1354 489 1395 solum
519 1368 670 1395 coram
701 1354 909 1404 occluso;
946 1360 1017 1395 est
1053 1355 1171 1394 enim
1207 1366 1341 1394 omne
1376 1354 1529 1394 mundi
1565 1353 1715 1393 Divini

228 1417 392 1457 amoris
415 1430 467 1457 ac
494 1417 683 1458 Divinae
707 1418 953 1470 sapientiae
978 1430 1103 1470 opuS,
1125 1430 1178 1457 ac
1201 1417 1422 1470 sapientia
1446 1417 1490 1457 in
1516 1416 1713 1470 singula-

227 1479 410 1520 rissimis
430 1479 523 1532 ejus
547 1487 616 1520 est
644 1480 806 1520 Divina
830 1479 909 1519 lux
936 1479 1252 1520 candidissima
1274 1493 1389 1533 quae
1413 1485 1642 1527 occaecat,
1666 1485 1715 1520 ut

228 1539 397 1583 dictum
421 1548 504 1583 est.

938 1782 998 1823 II.

229 1921 379 1976 QUOD
413 1922 648 1964 Dominus
678 1931 828 1964 SOLUS
858 1932 934 1964 sn*
963 1932 1068 1964 IPSE
1098 1932 1258 1973 AMOR,
1290 1933 1411 1974 Qum
1440 1933 1549 1965 IPSA
1578 1918 1724 1972 vrm„

394 1994 459 2026 ET
493 1994 630 2035 QUOD
670 1995 818 2027 Homo
858 1995 921 2026 ET
956 1995 1186 2028 ANGELUS
1225 1996 1303 2028 sn-
1342 1995 1490 2028 nono
1528 1996 1714 2028 REcm-

398 2057 502 2089 ENS.

313 2169 416 2210 Hoc
437 2170 556 2223 prius
578 2183 656 2223 per
678 2170 821 2211 multa
841 2170 1112 2212 illustratum
1134 2177 1231 2221 est;
1256 2171 1415 2224 quibus
1437 2171 1581 2212 solum
1602 2171 1714 2213 haec

227 2232 475 2286 adjicienda
495 2227 794 2287 sunt,—quod
817 2233 1050 2282 Dominus,
1068 2234 1171 2287 quia
1191 2234 1315 2274 Deus
1336 2235 1543 2283 universi,
1566 2235 1624 2275 sit
1646 2236 1713 2276 in-

228 2302 405 2336 creatus
429 2302 476 2336 et
504 2296 714 2344 infinitus,
741 2296 880 2337 homo
903 2303 1056 2337 autem
1081 2296 1341 2350 et‘angelus
1366 2304 1436 2338 est
1462 2304 1642 2338 creatus
1668 2306 1714 2340 et

228 2357 390 2398 finitus.
450 2359 705 2399 Increatum
736 2372 788 2399 ac
819 2358 1040 2400 infinitum
1066 2366 1136 2400 est
1166 2360 1311 2413 ipsum
1343 2360 1556 2401 Divinum
1581 2362 1626 2401 in
1651 2375 1713 2402 se.

229 2421 304 2461 Ex
325 2421 411 2462 hoc
429 2435 519 2462 non
541 2430 694 2475 potest
715 2422 854 2463 homo
874 2423 1066 2471 formari,
1085 2423 1147 2463 sic
1165 2424 1284 2463 enim
1304 2423 1419 2464 soret
1438 2424 1648 2465 Divinum
1670 2426 1714 2465 in

228 2497 303 2534 se;
334 2484 415 2524 sed
439 2485 615 2525 formari
641 2492 794 2538 potest
816 2500 875 2526 ex
898 2487 1059 2526 creatis
1081 2492 1128 2526 et
1149 2485 1299 2534 finitis,
1321 2487 1480 2539 quibus
1502 2487 1713 2528 Divinum

228 2552 382 2599 potest
402 2547 563 2595 inesse,
581 2555 627 2588 et
644 2549 783 2588 vitam
806 2562 931 2588 suam
952 2543 1298 2597 communicare,
1316 2556 1363 2589 et
1385 2549 1471 2590 hoc
1494 2563 1572 2603 per
1589 2550 1712 2591 calo-

227 2621 322 2648 rem
338 2614 386 2649 et
400 2607 547 2650 lucem
562 2623 588 2650 a
603 2608 661 2650 Se
676 2615 725 2651 ut
742 2610 862 2659 Sole,
880 2612 944 2651 ita
960 2625 1020 2651 ex
1043 2611 1207 2651 Divino
1223 2625 1303 2652 suo
1319 2625 1471 2652 amore
1487 2626 1497 2652 :
1530 2626 1712 2666 compa-

227 2671 370 2711 rative
386 2671 501 2714 sicut
522 2673 872 2724 germinationes
894 2673 1078 2722 telluris,
1097 2687 1210 2727 quae
1228 2687 1317 2714 non
1340 2682 1527 2727 possunt
1543 2675 1601 2715 ab
1618 2676 1712 2728 ipsa

227 2734 422 2774 essentia
435 2733 541 2774 solis
555 2736 706 2775 mundi
719 2736 896 2777 formari
913 2751 922 2786 ;
940 2737 1019 2777 sed
1033 2751 1092 2777 ex
1107 2738 1284 2785 creatis,
1297 2751 1355 2777 ex
1371 2738 1528 2790 quibus
1541 2739 1711 2778 consis-

227 2797 283 2837 tit
300 2796 472 2844 humus,
487 2798 644 2850 quibus
658 2798 726 2839 sol
743 2812 822 2852 per
836 2813 963 2840 suum
977 2799 1171 2840 calorem
1189 2807 1236 2841 et
1253 2814 1378 2840 suam
1396 2800 1541 2840 lucem
1559 2807 1711 2854 potest

227 2859 385 2907 inesse,
403 2865 450 2900 et
467 2873 591 2900 suam
609 2861 749 2901 vitam
767 2863 1108 2903 communicare.
1164 2862 1239 2903 Ex
1257 2863 1414 2916 quibus
1432 2853 1574 2915 patet,
1592 2864 1711 2916 quod

226 2921 363 2963 homo
387 2928 433 2963 et
459 2923 646 2975 angelus
672 2936 762 2964 non
787 2925 831 2964 in
856 2939 904 2965 se
930 2926 1019 2966 sint
1045 2920 1151 2974 vita,
1174 2926 1254 2966 sed
1280 2926 1416 2966 modo
1442 2927 1711 2979 recipientes
