1962 3328
667 259 771 292 CAP.
794 259 890 300 xV„
912 259 1049 292 VERs.
1076 259 1215 291 1.—N.
1236 249 1332 303 926.
1514 273 1517 275 >
1627 250 1737 302 2483

257 372 388 413 riales
413 378 543 423 sunt;
577 379 679 412 sunt
705 373 823 412 enim
849 371 1093 424 spiritualia
1116 371 1402 424 homogenea
1429 384 1528 411 cum
1554 370 1638 411 illis
1663 370 1739 424 qui

254 435 504 488 spirituales
521 441 638 482 sunt,
655 442 701 475 et
719 434 967 475 materialia
984 435 1267 487 homogenea
1282 447 1382 474 cum
1401 433 1486 474 illis
1500 434 1574 486 qui
1592 441 1737 473 mate-

254 497 384 538 riales
415 504 532 537 sunt.
593 497 766 538 Dicitur
796 497 915 550 quod
951 497 1040 536 sint
1077 511 1136 536 ex
1168 497 1339 548 origine
1371 496 1602 550 spirituali,
1636 497 1738 549 quia

255 561 458 604 existunt
493 574 519 600 a
555 560 719 600 Divino
753 560 873 612 quod
910 559 1113 612 procedit
1149 573 1176 599 a
1212 559 1408 599 Domino
1443 564 1491 599 ut
1533 558 1652 607 Sole,
1691 566 1738 598 et

255 623 464 663 Divinum
490 623 739 676 procedens
769 637 796 662 a
827 622 1023 662 Domino
1055 629 1102 662 ut
1135 621 1240 663 Sole
1266 629 1336 662 est
1363 622 1619 675 spirituale;
1659 621 1737 662 Sol

255 686 372 725 enim
403 685 462 725 ibi
497 699 587 725 non
621 692 692 726 est
724 686 853 737 ignis,
887 685 966 725 sed
1003 692 1072 725 est
1106 685 1292 725 Divinus
1323 684 1482 734 Amor,
1515 699 1738 738 apparens

255 759 405 787 coram
422 747 561 787 oculis
578 747 840 799 angelorum
859 748 972 788 sicut
995 747 1062 788 sol
1086 748 1238 787 mundi
1260 761 1411 788 coram
1429 747 1569 788 oculis
1591 748 1736 788 homi-

255 822 386 859 num;
418 816 464 850 et
486 810 691 863 quicquid
719 810 921 862 procedit
945 824 1004 850 ex
1033 810 1196 850 Divino
1220 809 1391 850 Amore
1414 817 1483 850 est
1508 810 1734 858 Divinum,

253 879 300 913 et
325 879 394 913 est
420 873 672 926 spirituale:
705 874 824 927 quod
851 874 1068 926 procedit,
1093 874 1136 913 in
1159 874 1383 913 communi
1406 880 1593 926 apparet
1621 875 1736 914 sicut

253 935 348 983 lux,
375 941 422 975 et
454 937 646 976 sentitur
677 937 791 976 sicut
823 935 970 985 calor;
1007 936 1087 976 sed
1119 949 1257 988 usque
1289 936 1368 976 lux
1399 935 1475 976 illa
1506 942 1576 976 est
1607 938 1735 988 spiri-

253 997 399 1046 tualis,
423 1004 468 1038 et
495 1011 669 1051 quoque
692 998 840 1048 calor;
874 1012 977 1038 nam
1004 998 1082 1038 lux
1108 998 1184 1038 illa
1209 1004 1278 1038 est
1306 998 1467 1038 Divina
1489 998 1734 1051 Sapientia,

254 1067 300 1101 et
318 1066 504 1100 vocatur
523 1060 733 1100 Divinum
753 1061 921 1101 Verum
940 1075 950 1110 ;
982 1067 1029 1101 et
1051 1061 1172 1101 calor
1190 1061 1263 1101 ille
1281 1067 1350 1101 est
1370 1061 1555 1101 Divinus
1574 1061 1734 1110 Amor,

255 1129 302 1163 et
327 1129 514 1163 vocatur
539 1123 750 1163 Divinum
777 1123 978 1173 Bonum3
1016 1137 1151 1176 quare
1178 1123 1255 1163 lux
1289 1123 1364 1164 illa
1394 1125 1578 1164 interius
1610 1125 1746 1164 illus--

255 1191 348 1225 trat
378 1183 658 1225 intellectum
693 1186 971 1237 angelorum,
1004 1194 1050 1226 et
1087 1186 1208 1226 calor
1244 1186 1318 1226 ille
1355 1187 1539 1226 interius
1576 1187 1736 1238 implet

254 1247 536 1287 voluntatem
558 1247 820 1300 angelorum
848 1248 967 1288 bono
989 1249 1164 1288 amoris.
1226 1248 1299 1288 Ex
1326 1249 1409 1289 hac
1432 1250 1602 1301 origine
1630 1257 1736 1290 sunt

256 1309 404 1350 omnia
429 1322 542 1362 quae
573 1310 616 1349 in
644 1310 779 1350 caelis
804 1311 1021 1357 existunt,
1050 1317 1095 1350 et
1121 1318 1339 1363 apparent
1366 1312 1409 1351 in
1435 1312 1586 1352 formis
1614 1313 1735 1352 simi-

255 1371 370 1411 libus
393 1371 480 1411 illis
502 1385 615 1424 quae
641 1373 683 1412 in
707 1379 861 1412 nostro
883 1373 1050 1412 mundo
1071 1387 1131 1412 ex
1154 1373 1315 1424 triplici
1337 1373 1428 1425 ejus
1450 1387 1592 1426 regno
1614 1381 1734 1422 sunt,

255 1440 305 1474 ut
325 1447 456 1486 supra
477 1432 644 1474 dietum
667 1441 749 1475 est.
810 1433 942 1486 Quod
968 1436 1011 1474 in
1038 1435 1202 1475 talibus
1224 1435 1373 1476 formis
1395 1444 1642 1488 appareant
1666 1444 1735 1477 est

255 1510 314 1536 ex
336 1496 490 1536 ordine
511 1498 762 1545 creationis,
787 1498 859 1550 qui
885 1505 954 1538 est
977 1498 1095 1551 quod
1122 1498 1198 1538 illa
1223 1512 1336 1551 quae
1363 1506 1466 1540 sunt
1488 1501 1735 1552 sapientiae

256 1565 303 1600 et
329 1573 441 1612 quae
467 1566 570 1599 sunt
596 1561 758 1600 amoris
784 1561 901 1612 apud
925 1561 1127 1613 angelos,
1156 1561 1260 1601 dum
1293 1563 1335 1602 in
1363 1563 1598 1614 sphaeram
1625 1563 1736 1604 infe-

255 1622 428 1669 riorem,
462 1622 505 1661 in
541 1636 628 1675 qua
664 1629 767 1663 sunt
799 1623 947 1675 angeli
979 1624 1126 1676 quoad
1165 1638 1244 1664 sua
1275 1638 1475 1677 corpora,
1509 1634 1555 1667 et
1587 1627 1735 1679 quoad

256 1684 414 1724 horum
440 1685 734 1733 sensationeS‚
762 1686 1058 1735 descendunt,
1086 1688 1302 1727 sistantur
1327 1689 1369 1727 in
1394 1689 1558 1729 talibus
1585 1690 1736 1730 formis

256 1753 302 1787 et
328 1747 471 1799 typis:
505 1747 615 1787 haec
639 1754 741 1788 sunt
765 1749 1202 1800 correspondentiae.
1265 1750 1390 1791 Haec
1414 1750 1534 1792 dieta
1555 1760 1658 1793 sunt
1686 1760 1737 1794 ut

257 1809 422 1850 sciatur
442 1810 547 1862 quid
569 1811 837 1863 intelligitur
859 1825 936 1863 per
960 1813 1214 1865 “signum,”
1237 1815 1355 1866 quod
1376 1814 1605 1866 Johannes
1628 1817 1736 1857 dicit

257 1886 304 1912 se
326 1872 514 1922 vidisse;
547 1873 747 1914 similiter
773 1887 851 1926 per
875 1877 900 1894 “
916 1875 1132 1927 signum,”
1149 1889 1245 1928 cap.
1269 1877 1344 1916 xii.
1368 1891 1480 1917 vers.
1509 1889 1523 1917 1
1551 1885 1597 1919 et
1619 1893 1735 1919 vers.

251 1945 308 1986 .3;
349 1935 467 1988 quod
499 1949 660 1988 nempe
691 1937 748 1977 sit
779 1937 996 1978 revelatio
1032 1951 1110 1990 per
1140 1939 1248 1979 talia
1279 1953 1392 1992 quae
1429 1941 1472 1980 in
1511 1941 1638 1982 caelo
1676 1957 1735 1982 ex

256 1997 426 2049 origine
463 1997 625 2038 Divina
662 1999 876 2050 spirituali
912 2001 1130 2048 existunt,
1169 2008 1214 2042 et
1256 2003 1359 2043 inde
1400 2003 1442 2042 in
1484 2017 1531 2044 se
1571 2018 1737 2045 arcana

257 2059 418 2100 Divina
448 2061 709 2110 continent;
748 2062 818 2102 hic
850 2076 1013 2103 arcana
1043 2063 1099 2103 de
1131 2071 1253 2104 statu
1285 2065 1500 2106 ecclesiae
1529 2069 1735 2119 proxime

255 2129 362 2162 ante
397 2122 601 2162 ultimum
633 2123 869 2175 judicium:
912 2126 991 2165 visi
1032 2127 1151 2166 enirn
1193 2135 1295 2168 sunt
1337 2132 1549 2181 “septem
1586 2131 1737 2182 angeli

256 2196 356 2223 cum
382 2191 556 2236 septem
579 2186 737 2237 phialis
759 2188 914 2235 aureis,
939 2189 1082 2228 induti
1109 2189 1199 2230 lino
1222 2192 1388 2231 mundo
1411 2198 1455 2231 et
1482 2192 1734 2244 splendido,

255 2252 301 2286 et
319 2245 452 2286 cincti
474 2248 589 2287 circa
607 2247 790 2300 peecora
809 2251 929 2290 zonis
951 2253 1093 2291 aureis
1111 2252 1144 2301 ;’'
1169 2253 1311 2292 visum
1330 2254 1466 2293 etiarn
1485 2262 1553 2294 est
1575 2259 1736 2295 “mare

227 2337 229 2339 .
255 2308 445 2348 vitreum
472 2310 664 2350 mixtum
691 2313 793 2363 igne
811 2311 844 2362 ;”
880 2326 931 2353 ac
958 2314 1038 2353 visi
1064 2321 1168 2354 sunt
1198 2319 1222 2334 “
1239 2316 1311 2367 qui
1338 2314 1567 2356 victoriam
1594 2318 1736 2358 habu·

256 2377 385 2410 erunt
417 2371 472 2411 de
503 2372 662 2420 bestia,
697 2374 916 2414 habentes
948 2376 1142 2416 citharas
1160 2377 1193 2425 ;’'
1224 2390 1275 2417 ac
1308 2379 1449 2417 visum
1481 2386 1550 2419 est
1579 2384 1735 2420 “tem-

198 2459 210 2474 .
257 2432 378 2484 plum
414 2434 689 2475 tabernaculi
728 2438 974 2478 testimonii
992 2438 1026 2487 ;”
1066 2445 1112 2479 et
1150 2440 1302 2479 audita
1340 2448 1442 2480 sunt
1482 2443 1737 2491 “cantica,'’

257 2495 414 2548 quibus
455 2497 815 2549 glorificaverunt
858 2500 1127 2551 Dominum;
1174 2503 1284 2542 haec
1327 2504 1476 2543 omnia
1517 2513 1737 2546 vocantur

259 2558 471 2610 “signum
511 2561 630 2612 quod
670 2562 819 2610 vidit,’'
855 2576 914 2602 ex
956 2577 1090 2603 causa
1130 2565 1231 2617 quia
1273 2565 1609 2617 significabant:
1657 2569 1736 2609 sed

255 2619 333 2660 illa
356 2634 468 2673 quae
493 2622 761 2674 significant,
786 2638 874 2664 non
900 2626 1037 2666 videri
1064 2634 1251 2679 possunt
1279 2628 1360 2667 nisi
1385 2642 1443 2668 ex
1471 2642 1735 2683 correspon-

257 2681 446 2733 dentiis;
483 2691 529 2725 et
560 2686 661 2738 quia
685 2700 848 2727 arcana
881 2688 1041 2728 Divina
1068 2690 1232 2737 insunt,
1263 2703 1351 2731 non
1377 2692 1514 2732 videri
1546 2702 1735 2745 possunt

257 2745 338 2784 nisi
362 2744 577 2786 Dominus
599 2748 782 2789 revelet.
844 2750 1016 2790 Dicitur
1041 2753 1254 2804 “signum
1277 2766 1301 2793 e
1327 2754 1492 2801 caelo,'’
1515 2769 1592 2807 per
1614 2758 1735 2810 quod

218 2813 226 2818 “
257 2806 520 2859 intelligitur
541 2810 756 2851 revelatio
777 2825 803 2851 a
830 2812 1036 2853 Domino.
1098 2813 1231 2866 Quod
1257 2829 1282 2854 a
1309 2815 1516 2864 Domino,
1542 2825 1610 2858 est
1633 2820 1736 2871 quia

258 2868 430 2909 caelum
461 2878 530 2912 est
562 2872 804 2914 Dominus:
844 2882 946 2916 sunt
973 2877 1151 2929 quidem
1177 2878 1326 2931 angeli
1358 2893 1416 2920 ex
1442 2880 1599 2933 quibus
1631 2894 1733 2922 cae-
