1962 3328
292 302 403 350 2802
709 319 1042 353 APOCALYPSIS
1074 321 1373 354 EXPLICATA.
1431 314 1433 316 ’

289 432 474 472 tationes,
494 433 612 467 etiam
636 434 860 478 producunt
882 434 1016 468 omnia
1041 434 1223 473 hominis,
1243 435 1335 481 quia
1352 435 1434 470 vita
1460 435 1544 482 ejus
1571 442 1662 472 sunt
1685 436 1782 472 illae.

292 479 381 514 Hoc
400 480 518 514 etiam
539 487 677 514 notum
693 488 753 515 est
773 482 810 515 in
831 481 1002 516 mundo:
1029 482 1061 516 si
1080 489 1191 516 tenes
1210 482 1411 517 hominem
1426 482 1463 517 in
1479 494 1549 518 sua
1562 482 1782 523 affectione,

290 534 402 562 tenes
430 527 539 561 illum
568 526 756 567 vinctum,
785 535 825 563 et
855 528 965 562 ducis
992 529 1143 573 quovis,
1163 536 1202 563 et
1228 535 1324 563 tunc
1350 540 1427 564 una
1454 530 1555 565 ratio
1581 531 1686 565 valet
1712 541 1783 576 pro

291 574 416 614 mille;
438 581 478 608 at
493 574 524 609 si
541 585 619 608 non
636 581 747 609 tenes
762 575 965 609 hominem
983 575 1020 609 in
1037 586 1106 610 sua
1120 574 1342 615 affefflone‚
1358 587 1436 611 non
1451 577 1584 611 valent
1599 577 1782 617 rationes,

288 620 445 656 affectio
467 621 572 655 enim
597 632 675 655 non
697 633 863 656 concors
881 622 942 656 vel
966 623 1157 667 pervertit
1177 623 1272 662 illas,
1292 623 1354 657 vel
1374 623 1503 668 rejicit
1522 624 1618 664 illas,
1636 624 1698 659 vel
1717 635 1783 659 ex-

287 669 456 714 stinguit
475 668 571 703 illas.
608 668 744 702 Simile
763 668 865 703 foret
884 669 915 703 si
937 668 1133 704 Dominus
1148 670 1310 704 duceret
1329 670 1532 705 hominem
1552 682 1620 716 per
1633 672 1783 716 cogita-

286 716 416 750 tiones
437 715 674 754 immediate,
694 722 734 749 et
754 727 832 750 non
853 727 922 760 per
939 715 1180 751 affectiones.
1229 717 1357 751 Etiam
1376 728 1465 752 cum
1485 717 1607 752 homo
1625 718 1784 753 ducitur

286 774 309 797 a
339 762 511 797 Domino
539 773 608 807 per
633 761 874 802 affectiones,
898 770 1059 808 apparet
1082 764 1135 797 illi
1158 764 1260 798 sicut
1281 775 1329 798 ex
1355 775 1396 799 se
1418 764 1538 799 libere
1560 765 1720 810 cogitet,
1738 771 1783 800 et

287 810 389 844 sicut
416 821 463 844 ex
490 821 531 844 se
557 809 678 844 libere
706 809 902 854 loquatur,
930 817 969 844 et
995 821 1154 856 quoque
1180 817 1281 856 agat.
1335 811 1432 846 Inde
1459 822 1564 846 nunc
1590 819 1649 846 est
1675 812 1781 857 quod

289 856 484 890 Dominus
504 867 582 891 non
604 856 831 891 immediate
847 858 988 892 doceat
1004 857 1216 897 hominem,
1233 858 1302 892 sed
1322 859 1581 904 mediateper
1593 859 1781 899 Verbum,

288 914 356 948 per
375 903 575 938 doctrinas
596 910 636 937 et
659 904 974 948 praedicationes
995 915 1043 939 ex
1061 904 1205 944 Verbo,
1226 916 1294 950 per
1311 906 1487 950 loquelas
1508 912 1548 940 et
1570 906 1781 946 consortia,

285 962 332 984 ex
353 951 413 985 his
431 950 536 984 enirn
557 951 678 985 homo
696 951 845 996 cogitat
867 952 987 986 libere
1006 952 1107 986 sicut.
1126 963 1173 986 ex
1192 963 1244 987 se.

362 994 474 1042 Qubd
494 998 601 1031 lzomo
627 1009 701 1031 non
727 999 845 1032 aliter
869 999 1026 1032 salvari
1041 1001 1173 1043 possit,
1197 999 1375 1044 sequitur
1399 1006 1481 1034 tam
1507 1010 1555 1034 ex
1583 999 1659 1034 illis
1681 1011 1780 1045 quae

286 1045 334 1079 de
354 1045 506 1090 legibus
528 1045 694 1079 Divinae
713 1045 984 1090 providentiae
1006 1045 1108 1080 dicta
1126 1053 1228 1086 sunt,
1248 1057 1366 1091 quam
1385 1058 1432 1081 ex
1455 1046 1526 1086 his,
1545 1047 1652 1092 quod
1675 1047 1782 1093 cogi-

285 1092 458 1126 tationes
485 1103 565 1126 non
593 1093 813 1136 producant
831 1091 1062 1128 affeEtiones
1083 1094 1187 1138 apud
1217 1094 1438 1133 hominem;
1468 1093 1500 1129 si
1527 1094 1632 1129 enim
1660 1094 1782 1128 homo

286 1139 404 1173 sciret
430 1139 564 1173 omnia
589 1139 720 1179 Verbi,
747 1146 788 1173 et
818 1140 952 1174 omnia
977 1139 1259 1179 doctrinarum,
1287 1151 1412 1186 usque
1439 1141 1487 1175 ad
1514 1152 1655 1176 arcana
1680 1141 1781 1186 sapi-

285 1187 414 1220 entiae
441 1197 542 1231 quae
568 1193 661 1220 sunt
687 1187 847 1232 angelis,
875 1198 920 1221 ac
946 1187 1139 1232 cogitaret
1169 1194 1209 1221 et
1240 1188 1467 1232 loqueretur
1493 1188 1568 1228 illa,
1595 1194 1638 1222 at
1665 1188 1781 1223 affec—

285 1234 415 1268 tiones
434 1234 519 1278 ejus
542 1233 672 1268 forent
699 1233 1044 1279 concupiscentiae
1071 1234 1174 1274 mali,
1197 1245 1322 1280 usque
1349 1246 1427 1269 non
1451 1235 1682 1281 potuisseta
1701 1235 1781 1270 Do-

285 1281 394 1315 mino
413 1281 527 1315 educi
546 1291 593 1315 ex
613 1280 776 1315 inferno.
829 1280 925 1315 inde
953 1287 1061 1325 patet
1080 1282 1186 1326 quod
1206 1282 1237 1316 si
1266 1282 1387 1316 homo
1405 1282 1615 1317 doceretur
1632 1293 1653 1317 e
1672 1282 1781 1317 caelo

286 1339 355 1373 per
382 1328 571 1362 influxum
595 1327 633 1361 in
660 1328 923 1373 cogitationes
945 1329 1040 1373 ejus,
1061 1328 1162 1362 foret
1187 1328 1290 1363 sicut
1311 1329 1378 1374 qui
1405 1329 1563 1375 projicit
1585 1340 1718 1364 semen
1742 1329 1780 1363 in

283 1375 399 1414 viam,
414 1375 477 1409 vel
497 1375 535 1409 in
555 1385 687 1420 aquas,
706 1375 768 1409 vel
789 1375 827 1409 in
847 1375 990 1415 nivem,
1009 1375 1071 1410 vel
1092 1375 1130 1409 in
1147 1375 1289 1421 ignem.

358 1499 516 1552 1176.
546 1499 781 1546 “Dicente-3,
799 1499 892 1546 Vae,
910 1512 996 1546 ναθ,
1015 1499 1112 1539 urbs
1127 1499 1197 1539 illa
1217 1513 1380 1553 mayna,
1396 1499 1436 1539 in
1456 1513 1535 1553 qua
1555 1500 1674 1540 ditati
1687 1505 1785 1541 sunt

286 1572 424 1599 omnes
437 1559 634 1599 habentes
647 1573 699 1598 na
706 1572 771 1599 ves
786 1559 826 1598 in
838 1559 947 1598 mam·
959 1572 1013 1599 ex
1019 1560 1276 1611 pretiositate
1290 1560 1621 1613 ejus.''-—Quod
1637 1561 1671 1600 si
1677 1562 1779 1613 gni-

283 1620 388 1673 ficet
407 1621 759 1661 lamentationem
776 1628 909 1673 super
925 1621 1171 1662 dochz'nam
1191 1628 1233 1661 et
1252 1621 1522 1674 relzgzbsum,
1546 1636 1601 1662 ex
1621 1622 1780 1674 quibus

285 1683 448 1724 lucrati
465 1690 568 1724 sunt
589 1698 732 1724 omnes
755 1684 834 1738 qui
844 1691 930 1736 per
946 1685 1178 1725 ratiocinia
1199 1699 1254 1724 ex
1275 1685 1480 1725 naturali
1496 1685 1667 1725 lzomz'ne
1682 1699 1778 1726 con-

273 1747 576 1802 firmaverunt
592 1747 684 1795 illa,
706 1754 888 1788 constat
913 1762 971 1788 ex
989 1747 1319 1800 significatione
1342 1748 1494 1797 “Vae,
1516 1749 1638 1797 vae‚”
1657 1750 1777 1803 quod

284 1810 343 1848 sit
363 1809 635 1849 lamentatio
658 1821 712 1858 (de
728 1829 791 1856 qua
807 1820 941 1857 [supra],
958 1829 989 1848 n.
1010 1809 1131 1861 1165)
1151 1824 1159 1859 ;
1187 1823 1245 1849 ex
1265 1809 1601 1862 significatione
1619 1815 1644 1849 ‘.‘
1657 1812 1779 1852 urbis

284 1869 521 1921 magnae,”
557 1870 677 1922 quod
714 1871 772 1909 sit
810 1869 1017 1910 doctrina
1059 1876 1104 1909 et
1141 1869 1407 1921 religiosum
1445 1880 1499 1917 (de
1519 1889 1583 1917 qua
1600 1880 1780 1919 [supra],n.

289 1939 439 1980 1134);
472 1943 530 1969 ex
553 1929 889 1982 significatione
915 1930 1087 1969 “ditari
1109 1943 1168 1968 ex
1192 1930 1482 1981 pretiositate
1504 1929 1640 1982 ejus‚”
1657 1931 1778 1984 quod

283 1991 340 2030 sit
370 1990 526 2030 lucrari
557 2005 635 2043 per
661 1990 764 2041 illa;
801 1997 846 2031 et
877 2005 935 2031 ex
969 1989 1300 2043 significatione
1331 1990 1536 2031 “habere
1563 2005 1701 2032 naves
1733 1993 1778 2032 in

284 2053 434 2101 mari,''
461 2054 580 2106 quod
613 2054 670 2094 sit
704 2067 782 2106 per
814 2054 1049 2094 ratiocinia
1081 2067 1139 2093 ex
1174 2052 1368 2093 naturali
1400 2053 1583 2094 homine
1615 2054 1777 2095 confir-

283 2130 406 2158 mare
443 2117 546 2167 illa;
589 2131 667 2171 per
706 2118 970 2158 “habentes
1011 2131 1149 2157 naves
1195 2118 1238 2157 in
1281 2118 1391 2157 mari
1407 2117 1426 2132 ''
1469 2118 1779 2171 significantur

284 2180 446 2221 similia
468 2195 582 2234 quae
606 2181 735 2221 simul
764 2195 841 2234 per
862 2184 886 2200 “
904 2181 1271 2234 gubernatorem,
1293 2193 1474 2221 omnem
1501 2194 1633 2234 super
1651 2183 1776 2222 navi-

283 2244 365 2284 bus
397 2250 672 2291 versantem,
709 2251 885 2291 nautas,
920 2250 966 2283 et
1004 2256 1126 2283 mare
1164 2243 1446 2296 operantes‚'’
1480 2257 1627 2296 supra,
1661 2258 1776 2285 verS.

290 2318 363 2358 173
399 2321 476 2360 per
502 2321 613 2360 quos
637 2307 756 2360 quod
784 2306 1094 2359 significentur
1121 2320 1279 2346 omnes
1303 2307 1374 2359 qui
1401 2307 1445 2346 in
1472 2308 1708 2359 sapientia,
1734 2308 1776 2348 in

281 2370 590 2423 intelligentia
627 2377 672 2410 et
710 2371 753 2410 in
792 2370 981 2410 scientia
1018 2383 1065 2409 se
1103 2369 1390 2409 crediderunt
1428 2383 1541 2417 esse,
1576 2383 1628 2410 ac
1665 2370 1778 2410 fa'lsa

284 2432 516 2474 doctrinae
549 2440 594 2473 et
628 2433 827 2486 religiosi
859 2434 985 2472 istius
1019 2446 1097 2485 per
1123 2433 1359 2472 ratiocinia
1386 2447 1445 2472 ex
1473 2432 1667 2473 naturali
1692 2433 1775 2474 ho—

283 2496 403 2534 mine
426 2494 825 2542 confirmaverunt,
849 2494 1058 2534 videatur
1080 2506 1214 2546 supra
1241 2504 1285 2542 (n.
1309 2503 1444 2545 1170).

283 2597 480 2622 (continuatio.)

355 2634 552 2680 Quoniam
576 2633 825 2679 providentia
847 2633 993 2668 Divina
1014 2633 1052 2667 in
1074 2631 1314 2673 affectiones,
1337 2644 1437 2678 quae
1458 2639 1550 2668 sunt
1570 2633 1714 2668 amoris
1736 2640 1775 2669 et

284 2682 375 2716 inde
396 2682 613 2715 voluntatis
635 2681 819 2720 hominis,
839 2681 931 2726 agit,
950 2691 996 2715 ac
1017 2680 1127 2714 ducit
1146 2680 1254 2713 illum
1279 2680 1316 2714 in
1338 2691 1410 2715 sua
1430 2679 1649 2719 affeffitione,
1668 2687 1707 2715 et
1728 2692 1776 2715 ex

283 2730 350 2763 illa
369 2729 406 2762 in
425 2728 595 2763 vicinam
614 2734 653 2762 et
671 2727 828 2762 affinem
850 2727 966 2762 aliam
989 2738 1058 2772 per
1075 2726 1251 2766 liberum,
1271 2734 1311 2761 et
1336 2727 1393 2762 sic
1415 2727 1777 2772 imperceptibiliter

282 2784 326 2810 ut
341 2776 462 2810 homo
481 2786 529 2809 ne
545 2775 668 2808 hilum
684 2775 782 2809 sciat
797 2774 1000 2819 quomodo
1014 2774 1105 2819 agit,
1120 2773 1242 2808 immo
1256 2781 1299 2808 ut
1316 2774 1382 2808 vix
1397 2774 1494 2808 sciat
1508 2775 1614 2819 quod
1632 2774 1776 2809 Divina

283 2822 533 2868 providentia
547 2821 800 2861 sit‚—exinde
814 2828 874 2856 est
888 2821 995 2866 quod
1015 2820 1143 2865 plures
1163 2820 1267 2854 illam
1287 2827 1442 2866 negent,
1458 2827 1497 2855 et
1512 2827 1649 2855 contra
1668 2820 1772 2855 illam

282 2881 324 2904 se
336 2869 572 2904 confirment
586 2881 592 2909 ;
611 2869 717 2913 quod
729 2868 773 2902 fit
785 2879 832 2902 ex
844 2867 971 2907 variis,
985 2878 1084 2913 quae
1097 2867 1335 2913 contingunt
1347 2874 1386 2902 et
1401 2868 1594 2902 existunt:
1612 2874 1656 2902 ut
1667 2868 1773 2913 quod

283 2917 396 2950 malis
415 2916 627 2950 succedant
646 2922 749 2950 artes
767 2922 806 2949 et
821 2915 921 2954 doli:
947 2915 1053 2959 quod
1073 2921 1209 2960 regnet
1225 2914 1424 2959 impietas;
1450 2915 1557 2959 quod
1577 2914 1772 2949 infernum

282 2964 352 3003 sit;
379 2963 485 3008 quod
505 2962 729 2997 occaecatio
749 2960 971 2997 intellectus
992 2961 1042 2996 sit
1065 2961 1103 2995 in
1122 2961 1401 3006 spiritualibus,
1417 2968 1456 2996 et
1474 2961 1580 3007 quod
1603 2961 1694 2996 inde
1711 2967 1771 2996 tot
