<?xml version="1.0" encoding="UTF-8"?>
<!DOCTYPE html PUBLIC "-//W3C//DTD XHTML 1.0 Transitional//EN"
    "http://www.w3.org/TR/xhtml1/DTD/xhtml1-transitional.dtd">
<html xmlns="http://www.w3.org/1999/xhtml" xml:lang="en" lang="en">
 <head>
  <title>
</title>
<meta http-equiv="Content-Type" content="text/html;charset=utf-8" />
  <meta name='ocr-system' content='tesseract 3.04.00' />
  <meta name='ocr-capabilities' content='ocr_page ocr_carea ocr_par ocr_line ocrx_word'/>
</head>
<body>
  <div class='ocr_page' id='page_1' title='image "apocalypsisexpli05sweduoft_0047.png"; bbox 0 0 1962 3328; ppageno 0'>
   <div class='ocr_carea' id='block_1_1' title="bbox 0 0 62 3328">
    <p class='ocr_par' dir='ltr' id='par_1_1' title="bbox 0 0 62 3328">
     <span class='ocr_line' id='line_1_1' title="bbox 0 0 62 3328; baseline 0 0"><span class='ocrx_word' id='word_1_1' title='bbox 0 0 62 3328; x_wconf 95' lang='lat' dir='ltr'> </span> 
     </span>
    </p>
   </div>
   <div class='ocr_carea' id='block_1_2' title="bbox 637 252 1716 304">
    <p class='ocr_par' dir='ltr' id='par_1_2' title="bbox 637 252 1716 304">
     <span class='ocr_line' id='line_1_2' title="bbox 637 252 1716 304; baseline -0.004 -10"><span class='ocrx_word' id='word_1_2' title='bbox 637 261 745 294; x_wconf 79' lang='lat' dir='ltr'>CAP.</span> <span class='ocrx_word' id='word_1_3' title='bbox 768 260 865 301; x_wconf 68' lang='lat' dir='ltr'>xv„</span> <span class='ocrx_word' id='word_1_4' title='bbox 887 260 1026 292; x_wconf 84' lang='lat' dir='ltr'>VERS.</span> <span class='ocrx_word' id='word_1_5' title='bbox 1049 252 1196 292; x_wconf 79' lang='grc' dir='ltr'><strong>8.-Ν.</strong></span> <span class='ocrx_word' id='word_1_6' title='bbox 1218 259 1314 304; x_wconf 84' lang='grc'><strong><em>957.</em></strong></span> <span class='ocrx_word' id='word_1_7' title='bbox 1603 260 1628 291; x_wconf 91' lang='lat'><strong>2</strong></span> <span class='ocrx_word' id='word_1_8' title='bbox 1635 259 1716 303; x_wconf 86' lang='lat'>5¹9</span> 
     </span>
    </p>
   </div>
   <div class='ocr_carea' id='block_1_3' title="bbox 230 369 1716 511">
    <p class='ocr_par' dir='ltr' id='par_1_3' title="bbox 230 369 1716 511">
     <span class='ocr_line' id='line_1_3' title="bbox 231 369 1716 418; baseline -0.002 -10"><span class='ocrx_word' id='word_1_9' title='bbox 231 373 448 409; x_wconf 82' lang='lat' dir='ltr'>secundum</span> <span class='ocrx_word' id='word_1_10' title='bbox 465 371 787 418; x_wconf 66' lang='lat' dir='ltr'>conjunstionem</span> <span class='ocrx_word' id='word_1_11' title='bbox 803 383 893 407; x_wconf 90' lang='lat' dir='ltr'>cum</span> <span class='ocrx_word' id='word_1_12' title='bbox 913 371 1016 417; x_wconf 86' lang='lat' dir='ltr'>Ipso.</span> <span class='ocrx_word' id='word_1_13' title='bbox 1066 371 1162 406; x_wconf 89' lang='lat' dir='ltr'>Idea</span> <span class='ocrx_word' id='word_1_14' title='bbox 1177 371 1227 406; x_wconf 92' lang='lat' dir='ltr'>de</span> <span class='ocrx_word' id='word_1_15' title='bbox 1246 370 1333 405; x_wconf 90' lang='lat' dir='ltr'>Deo</span> <span class='ocrx_word' id='word_1_16' title='bbox 1357 377 1419 406; x_wconf 89' lang='lat' dir='ltr'>est</span> <span class='ocrx_word' id='word_1_17' title='bbox 1443 370 1533 405; x_wconf 86' lang='lat' dir='ltr'>idea</span> <span class='ocrx_word' id='word_1_18' title='bbox 1557 370 1607 405; x_wconf 91' lang='lat' dir='ltr'>de</span> <span class='ocrx_word' id='word_1_19' title='bbox 1634 369 1716 405; x_wconf 93' lang='lat' dir='ltr'>Do-</span> 
     </span>
     <span class='ocr_line' id='line_1_4' title="bbox 232 416 1715 464; baseline -0.002 -10"><span class='ocrx_word' id='word_1_20' title='bbox 232 419 342 455; x_wconf 88' lang='lat' dir='ltr'>mino</span> <span class='ocrx_word' id='word_1_21' title='bbox 368 430 415 454; x_wconf 92' lang='lat' dir='ltr'>ac</span> <span class='ocrx_word' id='word_1_22' title='bbox 441 419 491 454; x_wconf 91' lang='lat' dir='ltr'>de</span> <span class='ocrx_word' id='word_1_23' title='bbox 519 418 647 464; x_wconf 88' lang='lat' dir='ltr'>Ipsius</span> <span class='ocrx_word' id='word_1_24' title='bbox 675 419 830 458; x_wconf 89' lang='lat' dir='ltr'>Divino,</span> <span class='ocrx_word' id='word_1_25' title='bbox 848 429 939 453; x_wconf 88' lang='lat' dir='ltr'>nam</span> <span class='ocrx_word' id='word_1_26' title='bbox 965 429 1046 453; x_wconf 89' lang='lat' dir='ltr'>non</span> <span class='ocrx_word' id='word_1_27' title='bbox 1070 418 1171 453; x_wconf 90' lang='lat' dir='ltr'>alius</span> <span class='ocrx_word' id='word_1_28' title='bbox 1195 425 1256 453; x_wconf 89' lang='lat' dir='ltr'>est</span> <span class='ocrx_word' id='word_1_29' title='bbox 1283 417 1391 452; x_wconf 91' lang='lat' dir='ltr'>Deus</span> <span class='ocrx_word' id='word_1_30' title='bbox 1415 417 1514 452; x_wconf 89' lang='lat' dir='ltr'>caeli</span> <span class='ocrx_word' id='word_1_31' title='bbox 1539 423 1580 452; x_wconf 90' lang='lat' dir='ltr'>et</span> <span class='ocrx_word' id='word_1_32' title='bbox 1606 416 1715 452; x_wconf 90' lang='lat' dir='ltr'>Deus</span> 
     </span>
     <span class='ocr_line' id='line_1_5' title="bbox 230 465 1125 511; baseline -0.003 -10"><span class='ocrx_word' id='word_1_33' title='bbox 230 472 368 507; x_wconf 87' lang='lat' dir='ltr'>terrae,</span> <span class='ocrx_word' id='word_1_34' title='bbox 385 466 488 501; x_wconf 85' lang='lat' dir='ltr'>sicut</span> <span class='ocrx_word' id='word_1_35' title='bbox 506 465 595 511; x_wconf 86' lang='lat' dir='ltr'>Ipse</span> <span class='ocrx_word' id='word_1_36' title='bbox 611 466 730 500; x_wconf 91' lang='lat' dir='ltr'>docet</span> <span class='ocrx_word' id='word_1_37' title='bbox 745 465 851 511; x_wconf 69' lang='lat' dir='ltr'>apud</span> <span class='ocrx_word' id='word_1_38' title='bbox 868 465 1125 505; x_wconf 77' lang='lat' dir='ltr'>Matthaeum,</span> 
     </span>
    </p>
   </div>
   <div class='ocr_carea' id='block_1_4' title="bbox 384 542 1555 583">
    <p class='ocr_par' dir='ltr' id='par_1_4' title="bbox 384 542 1555 583">
     <span class='ocr_line' id='line_1_6' title="bbox 384 542 1555 583; baseline -0.001 -8"><span class='ocrx_word' id='word_1_39' title='bbox 384 549 403 560; x_wconf 81' lang='lat'>‘⁸</span> <span class='ocrx_word' id='word_1_40' title='bbox 413 546 498 575; x_wconf 79' lang='lat' dir='ltr'>Data</span> <span class='ocrx_word' id='word_1_41' title='bbox 510 550 558 575; x_wconf 87' lang='lat' dir='ltr'>est</span> <span class='ocrx_word' id='word_1_42' title='bbox 572 545 655 574; x_wconf 86' lang='lat' dir='ltr'><strong>Mihi</strong></span> <span class='ocrx_word' id='word_1_43' title='bbox 669 545 773 574; x_wconf 85' lang='lat' dir='ltr'>omnis</span> <span class='ocrx_word' id='word_1_44' title='bbox 790 549 931 583; x_wconf 59' lang='lat' dir='ltr'>potestas</span> <span class='ocrx_word' id='word_1_45' title='bbox 943 545 977 574; x_wconf 91' lang='lat' dir='ltr'>in</span> <span class='ocrx_word' id='word_1_46' title='bbox 991 545 1081 574; x_wconf 70' lang='lat' dir='ltr'>melo</span> <span class='ocrx_word' id='word_1_47' title='bbox 1095 548 1127 573; x_wconf 87' lang='lat' dir='ltr'>et</span> <span class='ocrx_word' id='word_1_48' title='bbox 1141 545 1174 573; x_wconf 86' lang='lat' dir='ltr'>in</span> <span class='ocrx_word' id='word_1_49' title='bbox 1187 549 1271 573; x_wconf 80' lang='lat' dir='ltr'>terra</span> <span class='ocrx_word' id='word_1_50' title='bbox 1281 544 1299 553; x_wconf 90' lang='lat'>&#39;&#39;</span> <span class='ocrx_word' id='word_1_51' title='bbox 1315 543 1436 582; x_wconf 82' lang='lat' dir='ltr'>(xxviii.</span> <span class='ocrx_word' id='word_1_52' title='bbox 1453 542 1555 581; x_wconf 85' lang='lat'>[¹118).</span> 
     </span>
    </p>
   </div>
   <div class='ocr_carea' id='block_1_5' title="bbox 179 628 1716 1655">
    <p class='ocr_par' dir='ltr' id='par_1_5' title="bbox 179 628 1716 1655">
     <span class='ocr_line' id='line_1_7' title="bbox 230 628 1716 675; baseline -0.001 -10"><span class='ocrx_word' id='word_1_53' title='bbox 230 628 310 665; x_wconf 89' lang='lat' dir='ltr'>Sed</span> <span class='ocrx_word' id='word_1_54' title='bbox 327 629 417 664; x_wconf 66' lang='lat' dir='ltr'>idm</span> <span class='ocrx_word' id='word_1_55' title='bbox 432 629 483 665; x_wconf 88' lang='lat' dir='ltr'>de</span> <span class='ocrx_word' id='word_1_56' title='bbox 501 629 674 664; x_wconf 86' lang='lat' dir='ltr'>Domino</span> <span class='ocrx_word' id='word_1_57' title='bbox 691 635 752 664; x_wconf 87' lang='lat' dir='ltr'>est</span> <span class='ocrx_word' id='word_1_58' title='bbox 768 629 884 675; x_wconf 89' lang='lat' dir='ltr'>plena</span> <span class='ocrx_word' id='word_1_59' title='bbox 901 629 1027 675; x_wconf 90' lang='lat' dir='ltr'>magis</span> <span class='ocrx_word' id='word_1_60' title='bbox 1044 635 1086 664; x_wconf 90' lang='lat' dir='ltr'>et</span> <span class='ocrx_word' id='word_1_61' title='bbox 1103 629 1244 668; x_wconf 88' lang='lat' dir='ltr'>minus,</span> <span class='ocrx_word' id='word_1_62' title='bbox 1262 635 1302 664; x_wconf 91' lang='lat' dir='ltr'>et</span> <span class='ocrx_word' id='word_1_63' title='bbox 1319 629 1425 663; x_wconf 87' lang='lat' dir='ltr'>clara</span> <span class='ocrx_word' id='word_1_64' title='bbox 1441 628 1567 675; x_wconf 87' lang='lat' dir='ltr'>magis</span> <span class='ocrx_word' id='word_1_65' title='bbox 1584 635 1625 663; x_wconf 91' lang='lat' dir='ltr'>et</span> <span class='ocrx_word' id='word_1_66' title='bbox 1642 628 1716 663; x_wconf 88' lang='lat' dir='ltr'>mi-</span> 
     </span>
     <span class='ocr_line' id='line_1_8' title="bbox 230 675 1715 721; baseline -0.001 -10"><span class='ocrx_word' id='word_1_67' title='bbox 230 687 324 716; x_wconf 84' lang='lat' dir='ltr'>nus;</span> <span class='ocrx_word' id='word_1_68' title='bbox 341 676 457 721; x_wconf 88' lang='lat' dir='ltr'>plena</span> <span class='ocrx_word' id='word_1_69' title='bbox 468 676 581 711; x_wconf 89' lang='lat' dir='ltr'>estin</span> <span class='ocrx_word' id='word_1_70' title='bbox 596 675 737 710; x_wconf 85' lang='lat' dir='ltr'>intimo</span> <span class='ocrx_word' id='word_1_71' title='bbox 749 676 871 715; x_wconf 90' lang='lat' dir='ltr'>caelo,</span> <span class='ocrx_word' id='word_1_72' title='bbox 887 676 1017 710; x_wconf 87' lang='lat' dir='ltr'>minus</span> <span class='ocrx_word' id='word_1_73' title='bbox 1030 676 1147 720; x_wconf 90' lang='lat' dir='ltr'>plena</span> <span class='ocrx_word' id='word_1_74' title='bbox 1164 676 1203 710; x_wconf 89' lang='lat' dir='ltr'>in</span> <span class='ocrx_word' id='word_1_75' title='bbox 1222 676 1365 715; x_wconf 87' lang='lat' dir='ltr'>medio,</span> <span class='ocrx_word' id='word_1_76' title='bbox 1377 682 1418 710; x_wconf 91' lang='lat' dir='ltr'>et</span> <span class='ocrx_word' id='word_1_77' title='bbox 1434 676 1566 710; x_wconf 90' lang='lat' dir='ltr'>adhuc</span> <span class='ocrx_word' id='word_1_78' title='bbox 1583 676 1715 710; x_wconf 89' lang='lat' dir='ltr'>minus</span> 
     </span>
     <span class='ocr_line' id='line_1_9' title="bbox 229 722 1715 768; baseline 0 -11"><span class='ocrx_word' id='word_1_79' title='bbox 229 722 346 768; x_wconf 86' lang='lat' dir='ltr'>plena</span> <span class='ocrx_word' id='word_1_80' title='bbox 362 722 402 757; x_wconf 91' lang='lat' dir='ltr'>in</span> <span class='ocrx_word' id='word_1_81' title='bbox 419 723 579 762; x_wconf 80' lang='lat' dir='ltr'>ultimo:</span> <span class='ocrx_word' id='word_1_82' title='bbox 606 733 728 768; x_wconf 88' lang='lat' dir='ltr'>quare</span> <span class='ocrx_word' id='word_1_83' title='bbox 746 722 800 757; x_wconf 89' lang='lat' dir='ltr'>illi</span> <span class='ocrx_word' id='word_1_84' title='bbox 822 723 891 768; x_wconf 92' lang='lat' dir='ltr'>qui</span> <span class='ocrx_word' id='word_1_85' title='bbox 916 722 956 757; x_wconf 91' lang='lat' dir='ltr'>in</span> <span class='ocrx_word' id='word_1_86' title='bbox 975 722 1116 757; x_wconf 90' lang='lat' dir='ltr'>intimo</span> <span class='ocrx_word' id='word_1_87' title='bbox 1132 723 1243 757; x_wconf 87' lang='lat' dir='ltr'>caelo</span> <span class='ocrx_word' id='word_1_88' title='bbox 1260 722 1299 756; x_wconf 90' lang='lat' dir='ltr'>in</span> <span class='ocrx_word' id='word_1_89' title='bbox 1325 722 1520 767; x_wconf 88' lang='lat' dir='ltr'>sapientia</span> <span class='ocrx_word' id='word_1_90' title='bbox 1535 729 1640 762; x_wconf 91' lang='lat' dir='ltr'>sunt,</span> <span class='ocrx_word' id='word_1_91' title='bbox 1658 722 1715 757; x_wconf 85' lang='lat' dir='ltr'>illi</span> 
     </span>
     <span class='ocr_line' id='line_1_10' title="bbox 229 769 1716 815; baseline 0 -12"><span class='ocrx_word' id='word_1_92' title='bbox 229 769 298 815; x_wconf 89' lang='lat' dir='ltr'>qui</span> <span class='ocrx_word' id='word_1_93' title='bbox 312 769 352 804; x_wconf 91' lang='lat' dir='ltr'>in</span> <span class='ocrx_word' id='word_1_94' title='bbox 378 769 510 804; x_wconf 88' lang='lat' dir='ltr'>medio</span> <span class='ocrx_word' id='word_1_95' title='bbox 536 769 575 803; x_wconf 91' lang='lat' dir='ltr'>in</span> <span class='ocrx_word' id='word_1_96' title='bbox 602 769 872 815; x_wconf 85' lang='lat' dir='ltr'>intelligentia,</span> <span class='ocrx_word' id='word_1_97' title='bbox 890 776 932 804; x_wconf 90' lang='lat' dir='ltr'>et</span> <span class='ocrx_word' id='word_1_98' title='bbox 957 769 1011 803; x_wconf 88' lang='lat' dir='ltr'>illi</span> <span class='ocrx_word' id='word_1_99' title='bbox 1036 769 1105 814; x_wconf 90' lang='lat' dir='ltr'>qui</span> <span class='ocrx_word' id='word_1_100' title='bbox 1131 769 1171 803; x_wconf 91' lang='lat' dir='ltr'>in</span> <span class='ocrx_word' id='word_1_101' title='bbox 1196 769 1338 804; x_wconf 89' lang='lat' dir='ltr'>ultimo</span> <span class='ocrx_word' id='word_1_102' title='bbox 1355 769 1396 803; x_wconf 90' lang='lat' dir='ltr'>in</span> <span class='ocrx_word' id='word_1_103' title='bbox 1412 769 1599 815; x_wconf 78' lang='lat' dir='ltr'>scientia:</span> <span class='ocrx_word' id='word_1_104' title='bbox 1626 769 1716 804; x_wconf 90' lang='lat' dir='ltr'>idea</span> 
     </span>
     <span class='ocr_line' id='line_1_11' title="bbox 229 815 1714 862; baseline 0.001 -12"><span class='ocrx_word' id='word_1_105' title='bbox 229 816 334 850; x_wconf 85' lang='lat' dir='ltr'>clara</span> <span class='ocrx_word' id='word_1_106' title='bbox 349 822 411 851; x_wconf 88' lang='lat' dir='ltr'>est</span> <span class='ocrx_word' id='word_1_107' title='bbox 426 816 532 861; x_wconf 88' lang='lat' dir='ltr'>apud</span> <span class='ocrx_word' id='word_1_108' title='bbox 549 816 710 862; x_wconf 87' lang='lat' dir='ltr'>angelos</span> <span class='ocrx_word' id='word_1_109' title='bbox 727 816 794 861; x_wconf 91' lang='lat' dir='ltr'>qui</span> <span class='ocrx_word' id='word_1_110' title='bbox 814 816 854 850; x_wconf 94' lang='lat' dir='ltr'>in</span> <span class='ocrx_word' id='word_1_111' title='bbox 873 816 1005 850; x_wconf 92' lang='lat' dir='ltr'>medio</span> <span class='ocrx_word' id='word_1_112' title='bbox 1021 816 1257 850; x_wconf 85' lang='lat' dir='ltr'>societatum</span> <span class='ocrx_word' id='word_1_113' title='bbox 1274 815 1372 850; x_wconf 88' lang='lat' dir='ltr'>caeli</span> <span class='ocrx_word' id='word_1_114' title='bbox 1389 822 1493 855; x_wconf 89' lang='lat' dir='ltr'>sunt,</span> <span class='ocrx_word' id='word_1_115' title='bbox 1511 826 1558 850; x_wconf 90' lang='lat' dir='ltr'>ac</span> <span class='ocrx_word' id='word_1_116' title='bbox 1583 815 1714 851; x_wconf 90' lang='lat' dir='ltr'>minus</span> 
     </span>
     <span class='ocr_line' id='line_1_12' title="bbox 229 862 1715 908; baseline 0 -11"><span class='ocrx_word' id='word_1_117' title='bbox 229 862 334 897; x_wconf 87' lang='lat' dir='ltr'>clara</span> <span class='ocrx_word' id='word_1_118' title='bbox 348 862 454 908; x_wconf 90' lang='lat' dir='ltr'>apud</span> <span class='ocrx_word' id='word_1_119' title='bbox 485 862 572 897; x_wconf 91' lang='lat' dir='ltr'>illos</span> <span class='ocrx_word' id='word_1_120' title='bbox 605 862 672 908; x_wconf 88' lang='lat' dir='ltr'>qui</span> <span class='ocrx_word' id='word_1_121' title='bbox 702 862 850 897; x_wconf 89' lang='lat' dir='ltr'>circum</span> <span class='ocrx_word' id='word_1_122' title='bbox 883 869 986 902; x_wconf 89' lang='lat' dir='ltr'>sunt,</span> <span class='ocrx_word' id='word_1_123' title='bbox 1019 863 1237 897; x_wconf 88' lang='lat' dir='ltr'>secundum</span> <span class='ocrx_word' id='word_1_124' title='bbox 1270 862 1417 908; x_wconf 87' lang='lat' dir='ltr'>gradus</span> <span class='ocrx_word' id='word_1_125' title='bbox 1445 862 1658 898; x_wconf 87' lang='lat' dir='ltr'>distantiae</span> <span class='ocrx_word' id='word_1_126' title='bbox 1690 873 1715 897; x_wconf 89' lang='lat' dir='ltr'>a</span> 
     </span>
     <span class='ocr_line' id='line_1_13' title="bbox 230 907 1715 954; baseline 0 -11"><span class='ocrx_word' id='word_1_127' title='bbox 230 909 374 944; x_wconf 89' lang='lat' dir='ltr'>medio.</span> <span class='ocrx_word' id='word_1_128' title='bbox 423 907 574 944; x_wconf 62' lang='lat' dir='ltr'>Omnae</span> <span class='ocrx_word' id='word_1_129' title='bbox 592 909 630 943; x_wconf 91' lang='lat' dir='ltr'>in</span> <span class='ocrx_word' id='word_1_130' title='bbox 648 909 767 943; x_wconf 86' lang='lat' dir='ltr'>caelis</span> <span class='ocrx_word' id='word_1_131' title='bbox 784 909 1005 944; x_wconf 88' lang='lat' dir='ltr'>sortiuntur</span> <span class='ocrx_word' id='word_1_132' title='bbox 1020 909 1108 944; x_wconf 91' lang='lat' dir='ltr'>loca</span> <span class='ocrx_word' id='word_1_133' title='bbox 1123 909 1341 944; x_wconf 86' lang='lat' dir='ltr'>secundum</span> <span class='ocrx_word' id='word_1_134' title='bbox 1360 909 1647 954; x_wconf 86' lang='lat' dir='ltr'>plenitudinem</span> <span class='ocrx_word' id='word_1_135' title='bbox 1673 916 1715 944; x_wconf 90' lang='lat' dir='ltr'>et</span> 
     </span>
     <span class='ocr_line' id='line_1_14' title="bbox 227 955 1713 1001; baseline 0.001 -11"><span class='ocrx_word' id='word_1_136' title='bbox 227 955 446 990; x_wconf 86' lang='lat' dir='ltr'>claritatem</span> <span class='ocrx_word' id='word_1_137' title='bbox 464 956 575 990; x_wconf 86' lang='lat' dir='ltr'>ideae</span> <span class='ocrx_word' id='word_1_138' title='bbox 588 956 638 990; x_wconf 93' lang='lat' dir='ltr'>de</span> <span class='ocrx_word' id='word_1_139' title='bbox 653 955 844 995; x_wconf 79' lang='lat' dir='ltr'>Domino;</span> <span class='ocrx_word' id='word_1_140' title='bbox 865 956 984 991; x_wconf 90' lang='lat' dir='ltr'>etiam</span> <span class='ocrx_word' id='word_1_141' title='bbox 1003 956 1043 990; x_wconf 90' lang='lat' dir='ltr'>in</span> <span class='ocrx_word' id='word_1_142' title='bbox 1056 956 1390 1001; x_wconf 89' lang='lat' dir='ltr'>correspondente</span> <span class='ocrx_word' id='word_1_143' title='bbox 1403 956 1596 1001; x_wconf 90' lang='lat' dir='ltr'>sapientia</span> <span class='ocrx_word' id='word_1_144' title='bbox 1609 963 1713 997; x_wconf 90' lang='lat' dir='ltr'>sunt,</span> 
     </span>
     <span class='ocr_line' id='line_1_15' title="bbox 221 1001 1714 1048; baseline 0.001 -12"><span class='ocrx_word' id='word_1_145' title='bbox 221 1009 269 1041; x_wconf 61' lang='lat' dir='ltr'>,et</span> <span class='ocrx_word' id='word_1_146' title='bbox 297 1001 336 1036; x_wconf 91' lang='lat' dir='ltr'>in</span> <span class='ocrx_word' id='word_1_147' title='bbox 361 1002 694 1047; x_wconf 88' lang='lat' dir='ltr'>correspondente</span> <span class='ocrx_word' id='word_1_148' title='bbox 718 1001 917 1037; x_wconf 79' lang='lat' dir='ltr'>felicitate.</span> <span class='ocrx_word' id='word_1_149' title='bbox 966 1001 1117 1037; x_wconf 89' lang='lat' dir='ltr'>Omnes</span> <span class='ocrx_word' id='word_1_150' title='bbox 1141 1003 1210 1048; x_wconf 92' lang='lat' dir='ltr'>qui</span> <span class='ocrx_word' id='word_1_151' title='bbox 1236 1013 1316 1037; x_wconf 91' lang='lat' dir='ltr'>non</span> <span class='ocrx_word' id='word_1_152' title='bbox 1342 1002 1471 1037; x_wconf 89' lang='lat' dir='ltr'>ideam</span> <span class='ocrx_word' id='word_1_153' title='bbox 1499 1002 1633 1037; x_wconf 91' lang='lat' dir='ltr'>Divini</span> <span class='ocrx_word' id='word_1_154' title='bbox 1662 1004 1714 1038; x_wconf 86' lang='lat' dir='ltr'>de</span> 
     </span>
     <span class='ocr_line' id='line_1_16' title="bbox 229 1047 1713 1094; baseline 0.001 -10"><span class='ocrx_word' id='word_1_155' title='bbox 229 1047 403 1084; x_wconf 85' lang='lat' dir='ltr'>Domino</span> <span class='ocrx_word' id='word_1_156' title='bbox 435 1049 593 1089; x_wconf 86' lang='lat' dir='ltr'>habent.</span> <span class='ocrx_word' id='word_1_157' title='bbox 626 1049 962 1094; x_wconf 88' lang='lat' dir='ltr'>quemadmodum</span> <span class='ocrx_word' id='word_1_158' title='bbox 997 1048 1198 1084; x_wconf 87' lang='lat' dir='ltr'>Sociniani</span> <span class='ocrx_word' id='word_1_159' title='bbox 1231 1056 1271 1084; x_wconf 87' lang='lat' dir='ltr'>et</span> <span class='ocrx_word' id='word_1_160' title='bbox 1304 1049 1454 1088; x_wconf 84' lang='lat' dir='ltr'>Ariani,</span> <span class='ocrx_word' id='word_1_161' title='bbox 1487 1050 1561 1084; x_wconf 91' lang='lat' dir='ltr'>sub</span> <span class='ocrx_word' id='word_1_162' title='bbox 1593 1050 1713 1086; x_wconf 89' lang='lat' dir='ltr'>caelis</span> 
     </span>
     <span class='ocr_line' id='line_1_17' title="bbox 227 1094 1713 1142; baseline 0.001 -12"><span class='ocrx_word' id='word_1_163' title='bbox 227 1102 331 1133; x_wconf 87' lang='lat' dir='ltr'>sunt.</span> <span class='ocrx_word' id='word_1_164' title='bbox 342 1106 389 1130; x_wconf 87' lang='lat' dir='ltr'>ac</span> <span class='ocrx_word' id='word_1_165' title='bbox 406 1094 591 1130; x_wconf 77' lang='lat' dir='ltr'>infelices.</span> <span class='ocrx_word' id='word_1_166' title='bbox 643 1095 702 1129; x_wconf 90' lang='lat' dir='ltr'>Illi</span> <span class='ocrx_word' id='word_1_167' title='bbox 716 1095 784 1140; x_wconf 92' lang='lat' dir='ltr'>qui</span> <span class='ocrx_word' id='word_1_168' title='bbox 799 1095 946 1130; x_wconf 87' lang='lat' dir='ltr'>habent</span> <span class='ocrx_word' id='word_1_169' title='bbox 964 1096 1092 1131; x_wconf 89' lang='lat' dir='ltr'>ideam</span> <span class='ocrx_word' id='word_1_170' title='bbox 1107 1096 1279 1141; x_wconf 87' lang='lat' dir='ltr'>duplam.</span> <span class='ocrx_word' id='word_1_171' title='bbox 1294 1107 1436 1142; x_wconf 89' lang='lat' dir='ltr'>nempe</span> <span class='ocrx_word' id='word_1_172' title='bbox 1449 1096 1499 1131; x_wconf 91' lang='lat' dir='ltr'>de</span> <span class='ocrx_word' id='word_1_173' title='bbox 1515 1095 1602 1131; x_wconf 90' lang='lat' dir='ltr'>Deo</span> <span class='ocrx_word' id='word_1_174' title='bbox 1613 1097 1713 1132; x_wconf 92' lang='lat' dir='ltr'>invi-</span> 
     </span>
     <span class='ocr_line' id='line_1_18' title="bbox 227 1141 1712 1184; baseline 0.001 -8"><span class='ocrx_word' id='word_1_175' title='bbox 227 1141 330 1176; x_wconf 89' lang='lat' dir='ltr'>sibili</span> <span class='ocrx_word' id='word_1_176' title='bbox 347 1148 388 1177; x_wconf 88' lang='lat' dir='ltr'>et</span> <span class='ocrx_word' id='word_1_177' title='bbox 404 1142 454 1176; x_wconf 91' lang='lat' dir='ltr'>de</span> <span class='ocrx_word' id='word_1_178' title='bbox 469 1141 556 1176; x_wconf 91' lang='lat' dir='ltr'>Deo</span> <span class='ocrx_word' id='word_1_179' title='bbox 571 1142 715 1176; x_wconf 88' lang='lat' dir='ltr'>visibili</span> <span class='ocrx_word' id='word_1_180' title='bbox 733 1142 807 1176; x_wconf 91' lang='lat' dir='ltr'>sub</span> <span class='ocrx_word' id='word_1_181' title='bbox 823 1142 951 1177; x_wconf 77' lang='lat' dir='ltr'>forma</span> <span class='ocrx_word' id='word_1_182' title='bbox 967 1142 1150 1182; x_wconf 90' lang='lat' dir='ltr'>humana,</span> <span class='ocrx_word' id='word_1_183' title='bbox 1169 1143 1288 1177; x_wconf 91' lang='lat' dir='ltr'>etiam</span> <span class='ocrx_word' id='word_1_184' title='bbox 1306 1143 1380 1178; x_wconf 92' lang='lat' dir='ltr'>sub</span> <span class='ocrx_word' id='word_1_185' title='bbox 1396 1143 1516 1178; x_wconf 87' lang='lat' dir='ltr'>caelis</span> <span class='ocrx_word' id='word_1_186' title='bbox 1539 1150 1712 1184; x_wconf 86' lang='lat' dir='ltr'>manent,</span> 
     </span>
     <span class='ocr_line' id='line_1_19' title="bbox 226 1187 1713 1236; baseline 0.002 -14"><span class='ocrx_word' id='word_1_187' title='bbox 226 1198 300 1223; x_wconf 90' lang='lat' dir='ltr'>nec</span> <span class='ocrx_word' id='word_1_188' title='bbox 316 1187 395 1223; x_wconf 90' lang='lat' dir='ltr'>reci</span> <span class='ocrx_word' id='word_1_189' title='bbox 425 1188 560 1222; x_wconf 92' lang='lat' dir='ltr'>iuntur</span> <span class='ocrx_word' id='word_1_190' title='bbox 575 1189 802 1233; x_wconf 87' lang='lat' dir='ltr'>priusquam</span> <span class='ocrx_word' id='word_1_191' title='bbox 819 1200 942 1223; x_wconf 90' lang='lat' dir='ltr'>unum</span> <span class='ocrx_word' id='word_1_192' title='bbox 970 1188 1099 1224; x_wconf 90' lang='lat' dir='ltr'>Deum</span> <span class='ocrx_word' id='word_1_193' title='bbox 1124 1200 1170 1224; x_wconf 88' lang='lat' dir='ltr'>ac</span> <span class='ocrx_word' id='word_1_194' title='bbox 1198 1189 1331 1234; x_wconf 90' lang='lat' dir='ltr'>Ipsum</span> <span class='ocrx_word' id='word_1_195' title='bbox 1348 1190 1543 1224; x_wconf 91' lang='lat' dir='ltr'>visibilem</span> <span class='ocrx_word' id='word_1_196' title='bbox 1569 1201 1713 1236; x_wconf 88' lang='lat' dir='ltr'>agnos—</span> 
     </span>
     <span class='ocr_line' id='line_1_20' title="bbox 227 1235 1711 1281; baseline 0.002 -13"><span class='ocrx_word' id='word_1_197' title='bbox 227 1241 334 1269; x_wconf 90' lang='lat' dir='ltr'>cunt.</span> <span class='ocrx_word' id='word_1_198' title='bbox 422 1235 555 1269; x_wconf 87' lang='lat' dir='ltr'>uidam</span> <span class='ocrx_word' id='word_1_199' title='bbox 573 1235 662 1270; x_wconf 91' lang='lat' dir='ltr'>loco</span> <span class='ocrx_word' id='word_1_200' title='bbox 681 1235 754 1269; x_wconf 93' lang='lat' dir='ltr'>Dei</span> <span class='ocrx_word' id='word_1_201' title='bbox 771 1235 937 1270; x_wconf 90' lang='lat' dir='ltr'>visibilis</span> <span class='ocrx_word' id='word_1_202' title='bbox 954 1236 1094 1270; x_wconf 91' lang='lat' dir='ltr'>vident</span> <span class='ocrx_word' id='word_1_203' title='bbox 1110 1235 1213 1270; x_wconf 91' lang='lat' dir='ltr'>sicut</span> <span class='ocrx_word' id='word_1_204' title='bbox 1230 1236 1391 1281; x_wconf 91' lang='lat' dir='ltr'>aliquod</span> <span class='ocrx_word' id='word_1_205' title='bbox 1416 1247 1586 1276; x_wconf 88' lang='lat' dir='ltr'>aereum,</span> <span class='ocrx_word' id='word_1_206' title='bbox 1604 1244 1646 1271; x_wconf 90' lang='lat' dir='ltr'>et</span> <span class='ocrx_word' id='word_1_207' title='bbox 1670 1237 1711 1272; x_wconf 91' lang='lat' dir='ltr'>id</span> 
     </span>
     <span class='ocr_line' id='line_1_21' title="bbox 226 1280 1714 1327; baseline 0.001 -11"><span class='ocrx_word' id='word_1_208' title='bbox 226 1291 276 1316; x_wconf 86' lang='lat' dir='ltr'>ex</span> <span class='ocrx_word' id='word_1_209' title='bbox 292 1280 381 1316; x_wconf 87' lang='lat' dir='ltr'>idea</span> <span class='ocrx_word' id='word_1_210' title='bbox 393 1281 487 1326; x_wconf 89' lang='lat' dir='ltr'>quia</span> <span class='ocrx_word' id='word_1_211' title='bbox 505 1281 612 1316; x_wconf 92' lang='lat' dir='ltr'>Deus</span> <span class='ocrx_word' id='word_1_212' title='bbox 628 1288 793 1316; x_wconf 87' lang='lat' dir='ltr'>vocatur</span> <span class='ocrx_word' id='word_1_213' title='bbox 808 1282 989 1327; x_wconf 82' lang='lat' dir='ltr'>spiritus:</span> <span class='ocrx_word' id='word_1_214' title='bbox 1014 1282 1047 1318; x_wconf 91' lang='lat' dir='ltr'>si</span> <span class='ocrx_word' id='word_1_215' title='bbox 1060 1283 1166 1327; x_wconf 89' lang='lat' dir='ltr'>apud</span> <span class='ocrx_word' id='word_1_216' title='bbox 1183 1293 1252 1317; x_wconf 89' lang='lat' dir='ltr'>eos</span> <span class='ocrx_word' id='word_1_217' title='bbox 1267 1283 1332 1317; x_wconf 89' lang='lat' dir='ltr'>illa</span> <span class='ocrx_word' id='word_1_218' title='bbox 1346 1283 1434 1318; x_wconf 90' lang='lat' dir='ltr'>idea</span> <span class='ocrx_word' id='word_1_219' title='bbox 1451 1294 1531 1318; x_wconf 90' lang='lat' dir='ltr'>non</span> <span class='ocrx_word' id='word_1_220' title='bbox 1544 1284 1714 1319; x_wconf 90' lang='lat' dir='ltr'>vertitur</span> 
     </span>
     <span class='ocr_line' id='line_1_22' title="bbox 226 1326 1711 1376; baseline 0.002 -14"><span class='ocrx_word' id='word_1_221' title='bbox 226 1327 267 1362; x_wconf 91' lang='lat' dir='ltr'>in</span> <span class='ocrx_word' id='word_1_222' title='bbox 294 1327 423 1363; x_wconf 88' lang='lat' dir='ltr'>ideam</span> <span class='ocrx_word' id='word_1_223' title='bbox 455 1326 651 1367; x_wconf 90' lang='lat' dir='ltr'>Hominis,</span> <span class='ocrx_word' id='word_1_224' title='bbox 680 1328 738 1363; x_wconf 90' lang='lat' dir='ltr'>sic</span> <span class='ocrx_word' id='word_1_225' title='bbox 769 1327 941 1368; x_wconf 87' lang='lat' dir='ltr'>Domini,</span> <span class='ocrx_word' id='word_1_226' title='bbox 971 1340 1044 1363; x_wconf 90' lang='lat' dir='ltr'>nec</span> <span class='ocrx_word' id='word_1_227' title='bbox 1073 1336 1339 1374; x_wconf 71' lang='lat' dir='ltr'>acceptantur.</span> <span class='ocrx_word' id='word_1_228' title='bbox 1391 1329 1450 1364; x_wconf 92' lang='lat' dir='ltr'>Illi</span> <span class='ocrx_word' id='word_1_229' title='bbox 1480 1338 1613 1365; x_wconf 86' lang='lat' dir='ltr'>autem</span> <span class='ocrx_word' id='word_1_230' title='bbox 1642 1331 1711 1376; x_wconf 91' lang='lat' dir='ltr'>qui</span> 
     </span>
     <span class='ocr_line' id='line_1_23' title="bbox 226 1373 1708 1422; baseline 0.003 -14"><span class='ocrx_word' id='word_1_231' title='bbox 226 1373 355 1409; x_wconf 68' lang='lat' dir='ltr'>idmm</span> <span class='ocrx_word' id='word_1_232' title='bbox 373 1374 423 1409; x_wconf 93' lang='lat' dir='ltr'>de</span> <span class='ocrx_word' id='word_1_233' title='bbox 442 1373 528 1409; x_wconf 89' lang='lat' dir='ltr'>Deo</span> <span class='ocrx_word' id='word_1_234' title='bbox 545 1375 647 1409; x_wconf 84' lang='lat' dir='ltr'>sicut</span> <span class='ocrx_word' id='word_1_235' title='bbox 664 1375 714 1410; x_wconf 92' lang='lat' dir='ltr'>de</span> <span class='ocrx_word' id='word_1_236' title='bbox 732 1375 873 1410; x_wconf 87' lang='lat' dir='ltr'>intimo</span> <span class='ocrx_word' id='word_1_237' title='bbox 893 1375 1066 1410; x_wconf 89' lang='lat' dir='ltr'>Naturae</span> <span class='ocrx_word' id='word_1_238' title='bbox 1084 1376 1242 1415; x_wconf 87' lang='lat' dir='ltr'>habent,</span> <span class='ocrx_word' id='word_1_239' title='bbox 1261 1376 1501 1422; x_wconf 87' lang='lat' dir='ltr'>rejiciuntur¹</span> <span class='ocrx_word' id='word_1_240' title='bbox 1520 1377 1614 1422; x_wconf 91' lang='lat' dir='ltr'>quia</span> <span class='ocrx_word' id='word_1_241' title='bbox 1630 1389 1708 1412; x_wconf 90' lang='lat' dir='ltr'>non</span> 
     </span>
     <span class='ocr_line' id='line_1_24' title="bbox 225 1421 1711 1470; baseline 0.003 -15"><span class='ocrx_word' id='word_1_242' title='bbox 225 1427 391 1466; x_wconf 82' lang='lat' dir='ltr'>possunt</span> <span class='ocrx_word' id='word_1_243' title='bbox 416 1421 511 1466; x_wconf 92' lang='lat' dir='ltr'>quin</span> <span class='ocrx_word' id='word_1_244' title='bbox 535 1421 680 1456; x_wconf 91' lang='lat' dir='ltr'>cadant</span> <span class='ocrx_word' id='word_1_245' title='bbox 714 1421 752 1455; x_wconf 91' lang='lat' dir='ltr'>in</span> <span class='ocrx_word' id='word_1_246' title='bbox 783 1421 911 1456; x_wconf 88' lang='lat' dir='ltr'>ideam</span> <span class='ocrx_word' id='word_1_247' title='bbox 940 1421 1114 1457; x_wconf 86' lang='lat' dir='ltr'>Naturae</span> <span class='ocrx_word' id='word_1_248' title='bbox 1139 1434 1211 1468; x_wconf 90' lang='lat' dir='ltr'>pro</span> <span class='ocrx_word' id='word_1_249' title='bbox 1238 1422 1334 1458; x_wconf 92' lang='lat' dir='ltr'>Deo.</span> <span class='ocrx_word' id='word_1_250' title='bbox 1396 1422 1547 1459; x_wconf 88' lang='lat' dir='ltr'>Omnes</span> <span class='ocrx_word' id='word_1_251' title='bbox 1571 1431 1711 1470; x_wconf 89' lang='lat' dir='ltr'>gentes</span> 
     </span>
     <span class='ocr_line' id='line_1_25' title="bbox 225 1467 1710 1515; baseline 0.003 -14"><span class='ocrx_word' id='word_1_252' title='bbox 225 1478 327 1512; x_wconf 91' lang='lat' dir='ltr'>quae</span> <span class='ocrx_word' id='word_1_253' title='bbox 340 1479 462 1501; x_wconf 92' lang='lat' dir='ltr'>unum</span> <span class='ocrx_word' id='word_1_254' title='bbox 479 1467 606 1502; x_wconf 91' lang='lat' dir='ltr'>Deum</span> <span class='ocrx_word' id='word_1_255' title='bbox 621 1468 884 1508; x_wconf 86' lang='lat' dir='ltr'>crediderunt,</span> <span class='ocrx_word' id='word_1_256' title='bbox 898 1479 945 1503; x_wconf 89' lang='lat' dir='ltr'>ac</span> <span class='ocrx_word' id='word_1_257' title='bbox 959 1469 1088 1504; x_wconf 91' lang='lat' dir='ltr'>ideam</span> <span class='ocrx_word' id='word_1_258' title='bbox 1106 1469 1291 1504; x_wconf 87' lang='lat' dir='ltr'>Hominis</span> <span class='ocrx_word' id='word_1_259' title='bbox 1305 1470 1355 1505; x_wconf 92' lang='lat' dir='ltr'>de</span> <span class='ocrx_word' id='word_1_260' title='bbox 1370 1469 1462 1515; x_wconf 87' lang='lat' dir='ltr'>Ipso</span> <span class='ocrx_word' id='word_1_261' title='bbox 1475 1471 1710 1510; x_wconf 86' lang='lat' dir='ltr'>habuerunt,</span> 
     </span>
     <span class='ocr_line' id='line_1_26' title="bbox 225 1513 1709 1563; baseline 0.003 -15"><span class='ocrx_word' id='word_1_262' title='bbox 225 1513 468 1559; x_wconf 85' lang='lat' dir='ltr'>recipiuntur</span> <span class='ocrx_word' id='word_1_263' title='bbox 494 1525 518 1549; x_wconf 90' lang='lat' dir='ltr'>a</span> <span class='ocrx_word' id='word_1_264' title='bbox 548 1514 732 1549; x_wconf 90' lang='lat' dir='ltr'>Domino.</span> <span class='ocrx_word' id='word_1_265' title='bbox 792 1515 848 1549; x_wconf 82' lang='lat' dir='ltr'>Ex</span> <span class='ocrx_word' id='word_1_266' title='bbox 878 1515 940 1550; x_wconf 89' lang='lat' dir='ltr'>his</span> <span class='ocrx_word' id='word_1_267' title='bbox 964 1522 1146 1551; x_wconf 82' lang='lat' dir='ltr'>constare</span> <span class='ocrx_word' id='word_1_268' title='bbox 1171 1523 1303 1562; x_wconf 87' lang='lat' dir='ltr'>potest</span> <span class='ocrx_word' id='word_1_269' title='bbox 1329 1517 1490 1562; x_wconf 89' lang='lat' dir='ltr'>quinam</span> <span class='ocrx_word' id='word_1_270' title='bbox 1520 1524 1614 1552; x_wconf 88' lang='lat' dir='ltr'>sunt</span> <span class='ocrx_word' id='word_1_271' title='bbox 1642 1518 1709 1563; x_wconf 93' lang='lat' dir='ltr'>qui</span> 
     </span>
     <span class='ocr_line' id='line_1_27' title="bbox 179 1559 1710 1610; baseline 0.003 -16"><span class='ocrx_word' id='word_1_272' title='bbox 179 1578 190 1585; x_wconf 91' lang='lat'>-</span> <span class='ocrx_word' id='word_1_273' title='bbox 226 1559 360 1605; x_wconf 82' lang='lat' dir='ltr'>Ipsum</span> <span class='ocrx_word' id='word_1_274' title='bbox 380 1560 519 1600; x_wconf 85' lang='lat' dir='ltr'>Deum.</span> <span class='ocrx_word' id='word_1_275' title='bbox 537 1568 578 1596; x_wconf 91' lang='lat' dir='ltr'>et</span> <span class='ocrx_word' id='word_1_276' title='bbox 602 1561 669 1607; x_wconf 82' lang='lat' dir='ltr'>qui</span> <span class='ocrx_word' id='word_1_277' title='bbox 694 1561 793 1596; x_wconf 87' lang='lat' dir='ltr'>alios</span> <span class='ocrx_word' id='word_1_278' title='bbox 817 1562 924 1602; x_wconf 91' lang='lat' dir='ltr'>deos,</span> <span class='ocrx_word' id='word_1_279' title='bbox 942 1563 1098 1603; x_wconf 85' lang='lat' dir='ltr'>colunt;</span> <span class='ocrx_word' id='word_1_280' title='bbox 1123 1563 1178 1598; x_wconf 91' lang='lat' dir='ltr'>ita</span> <span class='ocrx_word' id='word_1_281' title='bbox 1202 1563 1269 1608; x_wconf 88' lang='lat' dir='ltr'>qui</span> <span class='ocrx_word' id='word_1_282' title='bbox 1295 1564 1513 1599; x_wconf 87' lang='lat' dir='ltr'>secundum</span> <span class='ocrx_word' id='word_1_283' title='bbox 1539 1564 1710 1610; x_wconf 87' lang='lat' dir='ltr'>primum</span> 
     </span>
     <span class='ocr_line' id='line_1_28' title="bbox 225 1607 1247 1655; baseline 0.003 -13"><span class='ocrx_word' id='word_1_284' title='bbox 225 1607 402 1654; x_wconf 85' lang='lat' dir='ltr'>decalogi</span> <span class='ocrx_word' id='word_1_285' title='bbox 419 1614 671 1654; x_wconf 89' lang='lat' dir='ltr'>praeceptum</span> <span class='ocrx_word' id='word_1_286' title='bbox 688 1608 839 1648; x_wconf 87' lang='lat' dir='ltr'>vivunt,</span> <span class='ocrx_word' id='word_1_287' title='bbox 856 1615 897 1644; x_wconf 87' lang='lat' dir='ltr'>et</span> <span class='ocrx_word' id='word_1_288' title='bbox 914 1609 981 1655; x_wconf 92' lang='lat' dir='ltr'>qui</span> <span class='ocrx_word' id='word_1_289' title='bbox 999 1620 1079 1645; x_wconf 92' lang='lat' dir='ltr'>non</span> <span class='ocrx_word' id='word_1_290' title='bbox 1096 1610 1247 1646; x_wconf 87' lang='lat' dir='ltr'>vivunt.</span> 
     </span>
    </p>
   </div>
  </div>
 </body>
</html>
