1962 3328
331 272 439 324 2568
685 282 687 284 ·
744 283 1074 318 APOCALYPSIS
1107 286 1402 319 EXPLICATA.
1451 307 1454 310 >

330 399 535 442 “terram
570 396 864 438 Canaanem'‘
891 399 1170 452 significatur
1202 401 1409 452 ecclesia,
1438 409 1483 444 et
1516 417 1595 457 per
1629 405 1814 459 “Assy-

327 458 468 498 riam‘’
494 460 732 500 rationale.

326 557 505 581 (continuatio
515 559 545 579 de
558 558 634 579 Sexto
645 559 799 584 Praecepto.)

397 594 595 640 Quoniam
615 607 727 630 amor
743 608 834 631 vere
852 597 1086 642 conjugialis
1109 599 1146 632 in
1174 610 1244 634 sua
1270 600 1396 645 prima
1421 602 1592 637 essentia
1617 609 1677 637 est
1702 613 1815 638 amor

327 641 364 675 in
387 641 601 676 Dominum
621 653 644 676 a
664 643 848 683 Domino,
864 651 924 678 est
936 645 1054 679 etiarn
1077 646 1312 681 innocentia.
1366 647 1597 683 Innocentia
1610 656 1670 684 est
1683 661 1814 685 amare

328 688 544 723 Dominum
576 697 620 723 ut
655 701 768 724 suurn
802 690 969 730 Patrem,
993 691 1174 727 faciendo
1202 695 1386 729 mandata
1416 695 1554 740 Ipsius,
1574 703 1614 731 et
1639 697 1813 732 volendo

325 735 415 770 duci
435 737 483 770 ab
499 736 590 780 Ipso
604 744 643 771 et
663 748 741 771 non
761 748 783 771 a
801 745 936 777 semet,
958 739 1011 773 ita
1025 739 1126 773 sicut
1146 739 1283 775 infans.
1323 740 1426 787 Quia
1442 743 1735 778 innocentiaest
1750 744 1813 779 ille

324 793 445 822 amor,
465 790 525 817 est
545 783 609 817 illa
629 784 755 828 ipsum
776 796 860 819 esse
880 786 1009 820 omnis
1029 787 1144 826 boni:
1171 794 1210 821 et
1230 787 1320 822 inde
1340 789 1461 823 homo
1479 796 1634 824 tantum
1656 791 1752 825 caeli
1774 791 1812 825 in

325 841 365 864 se
386 830 513 869 habet,
534 841 601 864 seu
622 838 776 865 tantum
798 831 835 865 in
858 833 967 866 caelo
986 840 1055 872 est,
1075 840 1267 878 quantum
1292 835 1329 869 in
1352 847 1485 870 amore
1507 837 1721 883 eonjugiali
1741 845 1811 877 est,

324 877 416 921 quia
435 883 588 911 tanturn
606 885 664 912 est
681 878 717 911 in
734 878 969 913 innocentia.
1021 879 1124 926 Quia
1142 892 1254 915 amor
1265 893 1354 916 vere
1370 883 1603 928 conjugialis
1622 891 1681 919 est
1700 885 1812 919 inno-

323 924 462 963 centia,
485 924 573 958 ideo
592 925 700 959 lusus
720 925 821 959 inter
838 927 1027 971 conjuges
1049 935 1141 961 sunt
1167 928 1269 962 sicut
1290 929 1398 964 lusus
1426 930 1618 964 infantum
1641 931 1742 966 inter
1759 943 1811 970 se.

323 977 362 1005 et
378 977 531 1005 tantum
547 979 639 1005 sunt
653 972 750 1006 tales
766 973 873 1007 lusus
890 980 1080 1018 quantum
1097 985 1137 1009 se
1153 982 1297 1014 amant,
1311 984 1354 1010 ut
1369 984 1531 1021 apparet
1549 978 1654 1022 apud
1673 989 1812 1013 omnes

325 1018 461 1062 primis
481 1018 619 1052 diebus
638 1026 728 1063 post
748 1020 916 1064 nuptias,
936 1021 1096 1065 quando
1111 1032 1222 1055 amor
1237 1022 1391 1056 illorum
1407 1024 1626 1058 aemulatur
1636 1036 1808 1060 amorem

322 1075 414 1099 vere
428 1065 704 1110 conjugialem.
752 1066 983 1101 innocentia
1000 1069 1145 1102 amoris
1160 1069 1393 1114 conjugialis
1414 1069 1646 1116 intelligitur
1664 1072 1701 1106 in
1716 1072 1811 1107 Ver·
1868 1074 1875 1082 “

322 1112 374 1146 bo
394 1123 462 1156 per
481 1118 499 1130 ‘⁴
512 1113 768 1152 nuditatem,'’
787 1125 904 1158 quam
925 1114 1103 1149 Adamus
1123 1122 1161 1149 et
1180 1127 1279 1150 uxor
1296 1117 1380 1161 ejus
1400 1128 1478 1152 non
1498 1119 1748 1159 erubuerunt,
1763 1130 1811 1154 ex

322 1169 439 1193 causa
469 1159 561 1204 quia
592 1160 688 1193 nihil
715 1161 859 1199 lascivi,
882 1168 923 1195 et
950 1161 1039 1196 inde
1068 1162 1164 1196 nihil
1196 1164 1366 1207 pudoris,
1394 1172 1454 1199 est
1485 1165 1586 1200 inter
1610 1166 1810 1212 conjuges,

323 1206 410 1251 plus
429 1217 547 1251 quam
569 1206 671 1241 inter
686 1206 866 1247 infantes,
886 1208 980 1242 dum
1002 1209 1103 1243 inter
1121 1220 1162 1244 se
1181 1210 1275 1244 nudi
1295 1218 1398 1246 sunt.

400 1360 534 1405 997.
569 1352 885 1405 “Hister-aretur
902 1353 961 1393 via
982 1367 1124 1407 regum
1141 1355 1191 1395 ab
1211 1360 1302 1396 ortu
1317 1357 1648 1411 solis.''—Quod
1668 1359 1807 1412 signi-

320 1414 424 1456 ficet
452 1423 499 1456 ut
533 1417 747 1458 Divinum
780 1417 940 1458 Verum
971 1433 998 1459 a
1023 1419 1209 1460 Domino
1228 1421 1376 1472 possit
1405 1421 1598 1476 influere,
1627 1431 1810 1465 constat

319 1492 378 1518 ex
419 1479 749 1532 significatione
785 1483 921 1522 “viae
953 1482 1150 1534 regum,”
1182 1484 1301 1536 quod
1339 1485 1397 1525 sit
1434 1484 1626 1526 influxus
1659 1485 1809 1527 Divini

320 1540 442 1589 Veri,
468 1557 545 1595 per
566 1547 590 1562 “
605 1543 752 1583 viam”
775 1545 894 1584 enim
918 1544 1195 1597 significatur
1217 1546 1423 1595 influxus,
1444 1554 1489 1588 et
1513 1562 1591 1601 per
1611 1553 1777 1602 “reges
1791 1550 1809 1564 ’¹

319 1605 629 1658 significantur
651 1621 781 1656 vera;
816 1608 935 1660 quod
963 1609 1019 1648 sit
1047 1608 1240 1649 influxus
1269 1609 1419 1650 Divini
1442 1610 1549 1651 Veri
1575 1612 1647 1664 qui
1674 1612 1808 1652 intel-

319 1669 485 1722 ligitur,
529 1676 598 1710 est
638 1671 739 1723 quia
776 1671 938 1711 dicitur
973 1673 1081 1711 “via
1120 1685 1276 1724 regum
1315 1673 1371 1712 ab
1408 1680 1508 1713 ortu
1541 1674 1646 1714 solis
1664 1674 1698 1724 ;''
1730 1689 1808 1728 per

319 1733 450 1772 “vias
463 1732 481 1746 '’
500 1733 618 1772 enim
645 1733 955 1785 significantur
981 1734 1188 1782 influxus,
1209 1736 1419 1788 quoniam
1443 1737 1588 1776 omnis
1613 1737 1808 1778 influxus

317 1797 374 1836 ab
406 1810 493 1837 una
525 1798 747 1838 societate
781 1798 837 1838 ad
873 1797 1080 1846 alteram,
1114 1800 1178 1839 ita
1216 1813 1241 1838 a
1274 1799 1485 1849 Domino,
1521 1801 1577 1841 sit
1610 1815 1687 1854 per
1712 1802 1807 1841 vias

317 1866 499 1913 apertas
522 1861 565 1900 in
589 1860 808 1913 spirituali
832 1861 1025 1910 mundo;
1059 1868 1104 1902 et
1128 1863 1338 1915 quoniam
1362 1876 1439 1915 per
1460 1867 1646 1904 “ortum
1669 1863 1776 1904 solis
1789 1863 1808 1878 '’

317 1922 596 1975 significatur
614 1924 686 1963 ubi
711 1923 945 1971 DominuS‚
967 1925 1030 1964 ita
1052 1925 1146 1964 “ab
1170 1931 1271 1965 ortu
1294 1925 1400 1965 solis
1417 1926 1435 1940 ”
1453 1932 1522 1966 est
1546 1940 1572 1966 a
1594 1926 1805 1967 Domino.

318 1984 452 2038 Quod
487 1986 707 2034 Dominus
749 1988 806 2027 sit
840 1987 916 2027 Sol
955 1988 1081 2035 caeli,
1116 1995 1161 2028 et
1200 1989 1318 2041 quod
1357 1989 1460 2029 inde
1492 2003 1570 2042 per
1594 1988 1806 2029 “solem”

317 2049 361 2089 in
395 2048 549 2089 Verbo
587 2050 871 2102 intelligatur
904 2050 1124 2090 Dominus
1162 2051 1309 2104 quoad
1347 2065 1561 2100 amorem,
1599 2052 1805 2092 videatur

315 2123 449 2162 Supra
465 2121 510 2158 (n.
521 2121 599 2161 401
610 2121 705 2159 [a—e],
715 2123 765 2161 41
776 2122 861 2160 2[b],
877 2121 984 2163 527).
1027 2123 1138 2160 (Quod
1152 2133 1208 2160 per
1221 2120 1237 2131 “
1249 2124 1402 2152 orientem
1416 2124 1432 2132 ”
1446 2129 1477 2152 et
1489 2133 1545 2161 per
1555 2121 1571 2132 ‘⁴
1583 2129 1687 2152 ortum
1702 2124 1776 2152 solis
1788 2123 1805 2133 '⁰

314 2174 508 2210 intelligatur
528 2174 581 2203 ubi
603 2175 770 2208 Dominus,
794 2175 951 2212 [videatur
970 2176 1090 2214 supra]
1113 2185 1142 2205 n.
1162 2177 1266 2216 422:
1292 2182 1323 2205 et
1342 2178 1429 2213 quod
1452 2186 1509 2214 per
1529 2174 1673 2214 “reges''
1690 2177 1807 2214 signifi-

314 2231 427 2256 centur
442 2228 558 2256 Divina
577 2237 660 2261 vera,
676 2237 707 2257 n.
722 2228 786 2269 29,
811 2229 873 2268 31,
894 2227 984 2270 553,
1000 2218 1144 2270 1¹¹625.)
1204 2219 1323 2271 Quid
1355 2233 1433 2272 per
1454 2220 1567 2260 haec
1594 2220 1733 2259 verba
1758 2220 1802 2259 in

315 2294 449 2321 sensu
486 2282 694 2333 proximo
731 2282 1011 2334 intelligitur,
1046 2297 1177 2335 supra
1214 2282 1381 2323 dietum
1423 2290 1506 2332 est,
1545 2297 1720 2336 nempe,
1755 2291 1804 2325 ut

314 2345 560 2397 aperiretur
586 2346 656 2384 via
678 2358 703 2384 a
726 2351 844 2385 terra
870 2345 1093 2393 Canaane,
1122 2359 1200 2398 per
1222 2360 1354 2399 quam
1378 2346 1651 2399 significatur
1677 2347 1802 2398 spiri-

315 2407 437 2447 tuale
457 2407 687 2456 ecclesiae,
705 2408 761 2448 ad
781 2408 1029 2460 Assyriam,
1051 2423 1127 2461 per
1145 2423 1276 2462 quam
1295 2409 1569 2461 significatur
1586 2410 1803 2450 rationale

314 2470 529 2511 ecclesiae
548 2485 557 2522 3
590 2471 744 2511 fluvius
768 2472 1022 2523 Euphrates
1045 2473 1283 2524 separabat
1306 2480 1351 2513 et
1374 2473 1680 2524 distinguebat
1704 2473 1802 2513 illas

315 2540 482 2584 terras;
516 2533 618 2574 inde
651 2547 728 2586 per
762 2535 915 2574 “viam
953 2548 1107 2587 regum
1148 2535 1203 2575 ab
1239 2542 1339 2575 ortu
1371 2535 1505 2575 solis”
1528 2535 1802 2587 significatur

314 2597 460 2637 aditus
487 2597 543 2636 ab
565 2597 780 2647 ecclesia;
814 2597 932 2650 quod
958 2597 1030 2637 ille
1053 2599 1310 2649 aperiretur,
1336 2599 1377 2638 in
1401 2612 1454 2638 eo
1481 2612 1613 2638 sensu
1635 2599 1802 2640 intelli-

313 2660 432 2712 gitur
455 2673 531 2711 per
553 2661 671 2713 quod
698 2664 849 2713 “aqua
877 2660 1118 2712 Euphratis
1150 2661 1380 2701 exsiccata
1406 2660 1499 2701 sit.'‘
1559 2661 1687 2701 Nunc
1721 2662 1800 2702 ali·

313 2723 416 2775 quid
435 2723 490 2762 de
514 2723 683 2762 influxu
703 2723 851 2762 Divini
869 2723 975 2763 Veri
995 2737 1019 2763 a
1038 2723 1233 2763 Domino
1251 2724 1367 2775 apud
1391 2724 1596 2763 homines
1614 2725 1810 2765 dicetur.-

313 2785 358 2825 A
386 2785 582 2825 Domino
608 2793 655 2825 ut
679 2785 783 2826 Sole
808 2786 904 2826 exit
928 2792 972 2826 et
1000 2785 1122 2825 calor
1147 2792 1192 2826 et
1225 2785 1301 2826 lux
1324 2800 1332 2836 ;
1365 2787 1443 2826 sed
1471 2786 1592 2826 calor
1617 2793 1686 2826 est
1719 2787 1798 2826 Di-

312 2849 463 2887 vinum
492 2848 680 2895 Bonum,
706 2855 751 2888 et
779 2848 856 2888 lux
884 2855 952 2888 est
979 2848 1189 2888 Divinum
1216 2848 1399 2889 Verum.
1461 2849 1563 2889 Lux
1590 2862 1702 2902 quae
1729 2856 1798 2890 est

313 2909 523 2950 Divinum
562 2910 731 2951 Verum
769 2911 911 2952 influit
953 2918 997 2952 et
1036 2912 1173 2952 intrat
1214 2912 1331 2965 apud
1370 2925 1549 2952 omnem
1587 2911 1798 2964 angelum
