1962 3328
272 250 382 303 2562
691 259 1024 291 APOCALYPSIS
1058 259 1356 292 EXPLICATA.

274 370 450 406 Domino
470 378 617 416 regnat.
670 370 767 406 Inde
785 378 966 406 constare
985 377 1116 416 potest
1133 372 1239 416 quod
1260 371 1468 406 discrimen
1490 371 1590 406 inter
1607 371 1687 406 duo
1703 371 1767 407 illa

269 418 447 463 jucunda
464 418 516 453 sit
534 418 636 452 sicut
663 418 764 453 inter
788 419 939 452 caelum
968 425 1007 452 et
1034 418 1240 453 infernum.
1293 418 1370 457 Sed
1397 418 1503 463 quod
1532 418 1673 452 mirum
1694 425 1766 457 est,

271 465 446 499 creditur
464 465 570 510 quod
588 465 807 510 jucundum
827 465 1001 510 conjugii
1021 472 1061 499 et
1077 465 1295 510 jucundum
1315 465 1497 499 adulterii
1516 465 1595 499 sint
1612 465 1766 503 similia.

271 511 341 546 sed
368 522 493 556 usque
519 512 597 546 tale
623 518 683 546 est
709 512 918 546 discrimen
949 512 1050 546 inter
1072 512 1146 551 illa,
1165 513 1280 557 quale
1307 522 1412 546 nunc
1438 510 1587 545 dictum
1615 518 1701 546 est:
1726 519 1767 546 at

271 558 483 593 discrimen
504 569 582 593 non
602 558 702 593 alius
716 565 847 603 potest
862 559 1083 593 discernere
1098 565 1137 593 et
1151 559 1307 598 sentire,
1322 569 1439 603 quam
1456 558 1522 603 qui
1538 559 1576 592 in
1591 559 1768 603 jucundo

271 605 417 640 amoris
431 605 665 651 conjugialis
684 612 762 644 est;
784 606 851 650 qui
872 606 909 638 in
931 606 1006 639 hoc
1018 606 1195 650 jucundo
1213 613 1283 645 est,
1299 605 1503 650 perspicue
1521 605 1642 640 sentit
1659 605 1766 650 quod

270 652 448 697 jucundo
465 651 641 698 conjugii
661 663 739 686 non
760 653 851 686 insit
869 652 1018 697 aliquid
1042 652 1182 697 impuri
1204 664 1249 686 ac
1272 653 1422 691 incasti,
1443 652 1497 686 ita
1518 663 1596 687 non
1618 652 1766 697 aliquid

271 699 427 739 lascivi;
449 706 487 733 et
505 700 612 744 quod
629 699 666 733 in
681 699 858 744 jucundo
876 699 1058 733 adulterii
1079 699 1175 732 nihil
1195 699 1267 734 nisi
1283 710 1401 744 quam
1422 699 1630 743 impurum,
1643 698 1768 733 incas-

271 751 356 779 tum
376 752 416 780 et
430 746 618 780 lascivum
639 746 708 786 sit;
734 746 855 780 sentit
867 747 972 791 quod
991 747 1039 780 ab
1059 745 1158 780 infra
1176 747 1364 780 ascendat
1383 746 1586 785 incastum,
1602 751 1642 780 et
1660 746 1766 790 quod

272 793 442 837 desuper
456 793 671 827 descendat
685 800 837 827 castum
853 805 858 826 :
880 800 920 827 at
935 793 1001 837 qui
1019 793 1055 827 in
1068 794 1245 838 jucundo
1259 793 1441 827 adulterii
1456 799 1526 832 est,
1542 803 1621 827 non
1637 798 1770 837 potest

272 839 418 874 sentire
438 840 512 879 illa,
532 840 624 885 quia
642 840 763 874 sentit
783 840 971 874 infernale
990 840 1091 874 sicut
1110 851 1224 874 suum
1246 840 1425 874 caeleste.
1479 839 1535 873 Ex
1556 839 1618 874 his
1639 839 1768 884 sequi-

272 893 338 920 tur
355 887 462 931 quod
482 898 594 921 amor
611 887 786 932 conjugii
805 887 925 921 etiam
946 887 983 920 in
1006 898 1078 921 suo
1100 887 1241 921 ultimo
1261 885 1350 921 actu
1373 886 1424 920 sit
1446 886 1529 931 ipsa
1550 886 1710 931 puritas,
1729 893 1768 920 et

273 933 358 978 ipsa
375 934 556 974 castitas;
582 941 622 968 et
640 934 746 978 quod
766 945 878 968 amor
895 934 1077 968 adulterii
1098 934 1136 967 in
1155 934 1236 968 suis
1257 932 1409 968 actibus
1430 933 1481 968 sit
1504 933 1586 978 ipsa
1608 933 1769 978 impuri-

273 986 335 1014 tas
353 987 394 1015 et
413 980 496 1025 ipsa
516 981 728 1015 incastitas.
780 980 979 1026 Quoniam
999 981 1175 1025 jucunda
1192 980 1396 1025 utriusque
1415 980 1560 1015 amoris
1578 986 1769 1025 apparent

273 1027 445 1062 exterius
467 1028 620 1067 similia,
639 1028 797 1062 tametsi
819 1035 911 1062 sunt
934 1028 1097 1062 interius
1119 1038 1277 1073 prorsus
1298 1027 1513 1065 dissimilia,
1532 1027 1626 1072 quia
1645 1037 1769 1072 oppo-

272 1074 358 1114 sita,
387 1074 477 1109 ideo
505 1075 735 1119 providetur
759 1086 782 1109 a
810 1074 983 1109 Domino
1010 1085 1058 1109 ne
1083 1075 1258 1119 jucunda
1284 1074 1466 1108 adulterii
1492 1074 1708 1108 ascendant
1730 1073 1767 1107 in

273 1121 437 1160 caelum,
453 1129 537 1155 tum
558 1122 793 1167 nejucunda
810 1122 985 1167 conjugii
1005 1122 1248 1156 descendant
1267 1121 1305 1155 in
1325 1120 1540 1160 infernum:
1562 1121 1630 1155 sed
1646 1131 1769 1165 usque

273 1168 381 1213 quod
395 1169 527 1214 aliqua
538 1169 889 1213 correspondentia
906 1169 1003 1203 caeli
1016 1169 1067 1203 sit
1081 1179 1171 1202 cum
1191 1168 1477 1213 prolificatione
1497 1167 1535 1202 in
1554 1167 1768 1207 adulteriis,

274 1226 353 1250 non
373 1223 506 1250 autem
525 1227 614 1250 cum
635 1216 719 1260 ipsa
731 1216 980 1261 jucunditate
1000 1216 1037 1249 in
1053 1215 1138 1250 illis.

355 1327 489 1369 991.
512 1327 618 1364 [Vers.
632 1327 692 1365 11.]
706 1316 785 1356 “Et
795 1316 1126 1368 blasphemarunt
1137 1316 1260 1355 Deum
1274 1315 1517 1367 caelt'.”—Q
1525 1315 1611 1355 uod
1628 1309 1768 1367 s‘igni-

274 1377 755 1431 ficetfalsz'ficationem
789 1377 935 1423 Verbi,
960 1384 1142 1417 constat
1170 1391 1228 1417 ex
1252 1376 1582 1430 significatione
1608 1376 1767 1416 “blas-

274 1441 531 1494 phemare,'’
554 1454 655 1481 cum
683 1441 738 1481 de
766 1441 879 1488 Deo,
909 1441 1028 1493 quod
1055 1441 1112 1481 sit
1140 1440 1373 1497 falsificare
1402 1440 1602 1480 Verbum
1630 1453 1768 1492 usque

275 1502 332 1542 ad
359 1502 719 1542 destructionem
747 1502 899 1542 Divini
924 1502 1033 1541 Veri
1059 1502 1103 1541 in
1129 1501 1266 1541 caelis
1293 1512 1347 1549 (de
1362 1521 1427 1548 qua
1443 1511 1579 1549 [supra]‚
1596 1520 1625 1539 n.
1641 1502 1767 1552 778);

275 1572 323 1607 et
360 1580 419 1606 ex
458 1566 789 1619 significatione
822 1566 905 1606 Dei
938 1565 1065 1613 caeli,
1099 1565 1220 1618 quod
1261 1566 1319 1605 sit
1353 1565 1564 1604 Divinum
1597 1564 1767 1604 Verum

275 1630 527 1682 procedens
554 1644 579 1670 a
612 1630 839 1677 Domino,
879 1629 963 1668 hoc
993 1642 1070 1681 per
1099 1629 1285 1668 “Deum
1312 1627 1455 1668 caeli”
1482 1628 1552 1668 hic
1586 1634 1632 1669 et
1665 1628 1769 1668 alibi

275 1694 320 1733 in
354 1693 509 1733 Verbo
541 1693 824 1745 intelligitur,
859 1693 1070 1745 quoniam
1105 1692 1359 1732 universum
1393 1691 1567 1732 caelum
1600 1706 1658 1732 ex
1691 1691 1770 1732 illo

277 1755 443 1796 Divino
476 1757 711 1805 consistit;
750 1756 853 1795 inde
886 1762 955 1795 est
988 1755 1108 1808 quod
1140 1754 1290 1806 angeli
1323 1754 1532 1794 dicantur
1560 1754 1697 1802 “dii,’'
1722 1761 1770 1796 et

275 1820 396 1872 quod
415 1819 670 1872 significent
690 1819 853 1858 Divina
872 1831 977 1858 vera
996 1831 1109 1870 quae
1133 1831 1158 1857 a
1177 1817 1388 1865 Domino,
1408 1823 1454 1857 et
1473 1817 1575 1857 inde
1594 1831 1769 1870 quoque

277 1890 347 1923 est
381 1883 501 1936 quod
535 1883 756 1922 Dominus
789 1882 963 1921 dicatur
993 1880 1275 1928 “Verbum‚'’
1302 1881 1421 1933 quod
1454 1886 1524 1920 est
1557 1880 1768 1920 Divinum

275 1946 474 1986 Verum:
500 1945 603 1985 inde
622 1958 738 1984 nunc
759 1958 836 1997 per
851 1944 971 1997 quod
988 1943 1442 1996 “blasphemaverint
1463 1943 1607 1983 Deum
1626 1942 1769 1983 caeli”

277 2008 555 2062 significatur
574 2007 824 2048 falsificatio
841 2007 980 2047 Verbi
1004 2020 1142 2060 usque
1165 2006 1221 2046 ad
1247 2004 1601 2046 destructionem
1621 2005 1770 2045 Divini

276 2072 388 2112 Veri
415 2073 459 2111 in
487 2071 635 2111 caelis.

277 2161 457 2186 (Continuatio
468 2160 496 2181 de
507 2160 583 2180 Sexta
594 2158 750 2184 Praecepta)

351 2195 510 2230 Diftum
538 2203 596 2230 est
622 2196 729 2241 quod
756 2206 867 2229 amor
892 2194 1136 2239 conjugialis‚
1159 2193 1225 2238 qui
1252 2199 1311 2228 est
1338 2193 1535 2232 naturalis,
1558 2192 1771 2227 descendat

278 2255 326 2279 cx
347 2254 482 2278 amore
504 2243 595 2277 boni
618 2249 658 2277 et
678 2242 759 2276 veri
781 2242 847 2287 qui
875 2249 935 2276 est
960 2240 1193 2286 spiritualis;
1221 2240 1312 2274 inde
1334 2240 1410 2274 hoc
1428 2240 1629 2284 spirituale
1650 2246 1710 2274 est
1732 2239 1769 2273 in

279 2302 413 2326 amore
432 2290 599 2324 naturali
621 2289 807 2334 conjugii,
826 2289 927 2322 sicut
949 2299 1067 2322 causa
1089 2288 1127 2321 in
1149 2286 1303 2322 effectu.
1356 2286 1413 2320 Ex
1434 2286 1618 2332 conjugio
1640 2286 1772 2331 itaque

278 2337 372 2372 boni
394 2344 434 2372 et
454 2337 534 2371 veri
557 2337 690 2371 existit
711 2347 822 2370 amor
842 2334 1115 2374 fructificandi,
1138 2345 1289 2379 nempe,
1311 2334 1458 2368 bonum
1483 2344 1550 2378 per
1569 2344 1705 2367 verum
1726 2344 1772 2367 ac

278 2396 415 2420 verum
438 2395 485 2418 ex
507 2385 631 2423 bono;
658 2394 705 2417 ex
726 2393 806 2428 quo
832 2393 965 2416 amore
987 2381 1193 2416 descendit
1213 2392 1325 2415 amor
1345 2379 1601 2425 prolificandi,
1625 2379 1663 2413 in
1692 2391 1771 2425 quo

278 2439 339 2467 est
360 2431 490 2466 omnis
510 2430 736 2476 jucunditas
758 2436 797 2464 et
818 2429 1011 2474 voluptas.
1063 2428 1257 2467 Vicissim,
1279 2438 1390 2462 amor
1410 2426 1603 2465 adulterii,
1623 2426 1690 2471 qui
1712 2434 1771 2461 est

279 2478 479 2518 naturalis,
499 2477 632 2512 existit
650 2488 697 2511 ex
715 2487 848 2510 amore
869 2475 959 2510 mali
978 2482 1018 2509 et
1036 2474 1134 2514 falsi,
1153 2475 1219 2519 qui
1242 2481 1301 2509 est
1322 2473 1554 2518 spiritualis;
1582 2473 1672 2508 inde
1694 2473 1770 2508 hoc

279 2525 482 2570 spirituale
510 2531 570 2559 est
602 2524 639 2558 in
671 2534 804 2569 amore
835 2522 1002 2557 naturali
1033 2521 1226 2561 adulterii,
1246 2528 1289 2555 ut
1319 2531 1436 2555 causa
1466 2521 1502 2554 in
1535 2519 1698 2554 effectu:
1724 2531 1771 2554 ex

279 2572 467 2617 conjugio
490 2571 622 2616 itaque
645 2571 735 2604 mali
757 2577 797 2604 et
818 2570 903 2603 falsi
927 2580 995 2614 per
1015 2579 1188 2603 amorem
1211 2568 1345 2602 existit
1365 2578 1476 2601 amor
1496 2565 1770 2605 fruetificandi,

280 2630 433 2663 nempe,
454 2618 598 2652 malum
619 2629 688 2662 per
706 2617 857 2655 falsum,
877 2623 916 2650 et
935 2616 1075 2650 falsum
1094 2627 1141 2650 ex
1161 2615 1282 2654 malo:
1309 2626 1356 2648 ex
1368 2625 1446 2659 quo
1461 2625 1594 2648 amore
1610 2614 1772 2648 descen-

281 2666 340 2700 dit
370 2676 481 2699 amor
510 2664 755 2709 prolificandi
788 2664 824 2697 in
852 2662 1065 2702 adulteriis,
1086 2662 1124 2696 in
1151 2672 1229 2706 quo
1251 2668 1310 2696 est
1331 2661 1460 2695 omnis
1480 2661 1707 2705 jucunditas
1733 2667 1772 2694 et

279 2713 474 2757 voluptas.
502 2710 655 2757 [¹¹Qu0d
675 2711 713 2745 in
729 2721 862 2744 amore
877 2709 1121 2754 prolificandi
1136 2709 1187 2743 sit
1199 2708 1327 2742 omnis
1339 2707 1567 2752 jucunditas
1581 2714 1620 2742 et
1634 2707 1772 2751 volup-

280 2766 351 2798 tas,
368 2766 427 2793 est
445 2759 537 2804 quia
555 2769 672 2792 omne
689 2757 918 2803 jucundum,
932 2756 1085 2800 volupe,
1102 2756 1271 2794 beatum,
1291 2754 1393 2794 felix,
1409 2754 1447 2788 in
1463 2754 1647 2788 universo
1661 2753 1772 2788 caelo

280 2812 320 2840 et
342 2806 380 2839 in
403 2806 587 2840 universo
609 2805 768 2843 mundo,
790 2815 813 2838 a
833 2803 1031 2838 creatione
1052 2802 1239 2836 collatum
1261 2808 1320 2836 est
1347 2801 1385 2835 in
1407 2807 1591 2835 conatum
1615 2807 1654 2835 et
1681 2800 1772 2835 inde

282 2852 321 2887 in
340 2851 471 2886 ac‘ium
491 2852 733 2896 producendi
749 2862 852 2889 usus,
867 2861 967 2895 quae
981 2849 1126 2895 gaudia
1141 2849 1179 2882 in
1193 2849 1316 2894 gradu
1335 2848 1573 2882 ascendente
1591 2853 1771 2882 crescunt

281 2899 498 2935 secundum
514 2898 732 2933 bonitatem
747 2904 786 2932 et
801 2896 1072 2932 excellentiam
1087 2906 1229 2930 usuum
1250 2895 1287 2929 in
1306 2902 1531 2929 aeternum:
1558 2894 1648 2929 inde
1663 2900 1770 2939 patet
