1962 3328
1168 122 1178 141 Χ

625 264 731 296 CAP.
754 263 869 305 XVI„
892 263 1030 296 VERS.
1053 255 1199 295 8.—N.
1220 255 1316 307 982.
1519 276 1522 277 ν
1600 263 1651 307 25
1659 263 1706 307 51

227 371 441 420 continua
464 390 666 418 amorum
691 377 867 418 illorum
889 377 1093 417 dicantur
1114 376 1385 429 cupiditates
1407 381 1455 416 et
1478 377 1716 428 concupis-

227 441 414 482 centiae.
466 441 517 480 In
535 440 703 480 mundo
720 441 797 479 vix
816 446 973 479 notum
991 445 1061 479 est
1083 439 1202 491 quod
1226 452 1383 478 omnes
1401 437 1475 491 qui
1496 439 1540 478 in
1562 451 1715 478 amore

226 503 293 543 sui
319 510 438 551 sunt,
462 503 706 543 secundum
727 502 969 554 jucundum
996 501 1113 541 illius
1137 502 1315 549 amoris,
1340 501 1429 540 sint
1451 502 1494 540 in
1517 500 1716 552 jucundo

227 566 419 605 nocendi
444 565 553 613 aliis,
581 565 653 618 qui
675 578 764 605 non
787 578 921 604 unum
947 577 1048 604 cum
1074 564 1159 604 illis
1184 564 1377 603 faciunt:
1411 564 1532 616 quod
1554 564 1617 603 ita
1639 564 1714 610 sit,

228 634 355 679 patet
387 628 621 668 manifeste
652 628 709 667 ab
739 628 896 667 iisdem
928 634 1031 679 post
1073 634 1295 676 mortem;
1338 633 1445 666 tunc
1467 625 1714 678 jucundum

225 692 344 731 vitae
361 691 537 731 illorum
553 698 622 731 est
640 691 853 730 damnum
870 691 1028 731 inferre
1051 697 1096 730 et
1119 690 1383 729 malefacere
1401 690 1497 729 aliis
1512 703 1714 742 quocun-

225 766 311 806 que
329 753 478 801 modo,
499 754 712 806 imprimis
729 754 857 793 bonis
874 766 882 792 :
916 753 1001 793 hoc
1018 753 1195 792 illorum
1208 751 1452 804 jucundum
1470 759 1539 792 est
1553 751 1714 804 jucun-

227 816 335 856 dur'n
370 817 485 866 odii;
531 814 635 856 odio
671 817 790 856 enim
827 816 1009 863 habent,
1049 810 1094 855 et
1135 829 1194 855 ex
1231 815 1335 855 odio
1372 821 1712 868 persequuntur,

227 892 385 918 omnes
410 880 483 931 qui
510 878 752 918 Dominum
785 878 951 918 colunt.
1014 878 1115 918 Hoc
1148 878 1297 918 odium
1330 891 1419 918 non
1453 877 1712 917 manifesta-

181 968 187 973 -
226 947 298 980 tur
332 941 450 992 apud
482 941 581 980 illos
611 942 654 980 in
687 941 868 987 mundo,
902 954 961 980 ex
998 954 1130 980 causa
1161 941 1263 993 quia
1292 939 1471 980 vincula
1500 947 1710 997 externa,

226 1017 339 1056 quae
371 1010 475 1043 sunt
511 1004 694 1043 timores
725 1017 805 1056 pro
840 1004 995 1056 poenis
1031 1003 1143 1055 legis
1175 1003 1327 1051 civilis,
1356 1010 1402 1043 et
1433 1016 1513 1055 pro
1541 1001 1714 1055 jactura

224 1066 381 1113 famae,
401 1066 598 1114 honoris,
623 1065 745 1114 lucri,
765 1064 1054 1113 functionum,
1075 1065 1374 1117 voluptatum,
1395 1067 1529 1114 vitae,
1553 1073 1599 1106 et
1622 1066 1714 1118 ejus

224 1129 504 1176 damnorum,
532 1129 730 1168 retinent
762 1135 809 1168 et
834 1129 1056 1176 inhibent,
1085 1142 1140 1168 ne
1172 1142 1310 1181 usque
1342 1130 1384 1168 in
1418 1127 1713 1181 conspecstum
1741 1140 1746 1146 ·

224 1191 411 1241 alicu-um
438 1191 652 1243 prodeat3
685 1191 764 1230 sed
796 1191 909 1230 latet
935 1191 1216 1230 reconditum
1247 1192 1290 1230 in
1323 1192 1478 1242 spiritu
1509 1191 1713 1242 illorum;

225 1267 360 1306 quare
390 1254 435 1293 id
467 1260 568 1305 post
601 1260 806 1301 mortem,
839 1253 945 1292 dum
977 1253 1114 1294 homo
1145 1252 1194 1293 fit
1225 1254 1416 1305 spiritus,
1445 1261 1491 1293 et
1522 1260 1715 1294 externa

217 1316 402 1364 ,vincula
426 1317 465 1356 ei
490 1312 761 1364 auferuntur,
786 1317 990 1368 erumpit,
1018 1323 1064 1356 et
1090 1323 1308 1373 quantum
1336 1316 1546 1356 laxantur
1572 1316 1710 1365 frena,

226 1392 362 1431 usque
385 1379 428 1418 in
452 1379 802 1428 interneciuum;
836 1378 944 1419 talia
969 1379 1106 1418 etiam
1132 1378 1438 1430 significantur
1459 1392 1537 1430 per
1562 1379 1712 1419 “affli-

223 1454 330 1493 gere
360 1441 563 1481 homines
588 1448 715 1481 aestu
741 1455 819 1494 per
841 1441 1029 1493 ignem.”
1089 1440 1222 1493 Quod
1249 1442 1422 1482 dicatur
1446 1442 1566 1494 quod
1593 1448 1711 1482 “an-

226 1503 355 1556 gelus
385 1503 587 1543 effuderit
620 1504 815 1555 phialam
845 1517 971 1543 suam
1007 1505 1050 1543 in
1085 1504 1267 1551 solem,'’
1288 1511 1334 1544 et
1366 1504 1485 1556 quod
1515 1504 1711 1544 “datum

223 1567 285 1606 sit
306 1566 367 1605 illi
389 1573 517 1606 aestu
537 1566 735 1618 affligere
762 1567 965 1607 homines
987 1580 1065 1618 per
1086 1566 1276 1619 ignem,”
1294 1574 1340 1606 et
1362 1567 1482 1619 quod
1501 1580 1579 1618 per
1599 1572 1709 1607 “so-

223 1627 314 1668 lem
327 1628 346 1643 ’‘
369 1628 643 1681 significetur
664 1642 790 1669 amor
815 1631 858 1669 in
885 1629 1046 1677 Deum,
1073 1638 1118 1670 et
1144 1630 1263 1682 quod
1291 1643 1367 1681 per
1396 1634 1608 1669 “aestum
1621 1630 1640 1644 ”
1662 1637 1709 1670 et

226 1690 451 1743 “ignem’'
476 1691 698 1743 cupiditas
728 1692 785 1731 ad
816 1692 974 1732 falsum
1000 1699 1047 1732 et
1073 1692 1129 1732 ad
1154 1692 1406 1732 faciendum
1433 1692 1615 1741 malum,
1639 1701 1710 1733 est

224 1753 361 1793 etiam
391 1753 509 1801 inde,
543 1755 645 1806 quia
679 1767 854 1794 amores
885 1762 931 1795 et
962 1755 1065 1794 inde
1097 1755 1367 1807 cupiditates
1398 1755 1494 1795 falsi
1525 1769 1576 1795 ac
1604 1755 1710 1796 mali

221 1816 444 1869 prodeunt
470 1823 515 1856 et
538 1817 878 1857 manifestantur
899 1818 1015 1869 apud
1039 1817 1183 1857 malos
1205 1830 1283 1869 per
1303 1818 1519 1857 influxum
1545 1819 1710 1858 amoris

222 1891 301 1918 seu
317 1878 561 1919 affeffionis
579 1879 683 1919 boni
701 1887 748 1920 et
765 1881 856 1920 veri
873 1895 896 1920 e
915 1881 1040 1921 caelo
1059 1895 1068 1930 ;
1092 1894 1196 1920 nam
1215 1889 1432 1934 quantum
1450 1880 1708 1922 affectiones

224 1947 271 1981 et
311 1954 486 1982 amores
526 1941 746 1982 caelestes
788 1943 907 1995 apud
953 1943 1096 1983 malos
1137 1943 1339 1991 influunt,
1382 1950 1559 1984 tantum
1605 1945 1709 1985 mali

222 2003 519 2044 incenduntur
543 2010 695 2044 oestro
718 2011 764 2045 et
791 2006 1036 2057 cupiditate
1064 2006 1231 2045 malum
1263 2006 1453 2046 faciendi
1479 2014 1523 2047 et
1550 2007 1708 2048 falsum

223 2065 445 2119 loquendi.
506 2066 652 2107 Causa
687 2074 771 2115 est,
798 2069 900 2120 quia
934 2081 1068 2108 omne
1105 2069 1273 2108 bOnum
1311 2069 1423 2108 caeli
1458 2070 1575 2121 apud
1607 2070 1708 2110 illos

221 2129 408 2168 vertitur
438 2130 482 2168 in
511 2129 692 2177 malum,
727 2137 774 2170 et
810 2143 943 2170 omne
976 2144 1129 2170 verum
1163 2131 1274 2171 caeli
1307 2132 1351 2170 in
1382 2131 1707 2186 falsumasunt

221 2191 340 2230 enim
363 2191 573 2231 interiora
594 2191 784 2240 illorum,
804 2206 916 2245 quae
938 2193 1184 2233 voluntatis
1206 2200 1251 2233 et
1274 2194 1378 2233 inde
1401 2195 1704 2246 cogitationis,

221 2253 265 2292 in
286 2266 415 2293 versu
441 2255 668 2294 contrario
693 2255 750 2294 ad
777 2255 1015 2304 caelestia;
1049 2262 1095 2295 et
1121 2256 1330 2308 quicquid
1362 2256 1502 2296 influit
1529 2258 1572 2296 in
1599 2270 1706 2297 con-

221 2316 417 2363 trarium,
442 2316 527 2356 hoc
560 2317 603 2356 in
641 2318 912 2357 contrarium
944 2318 1159 2367 vertitur;
1195 2326 1240 2358 et
1273 2319 1306 2357 si
1339 2319 1381 2357 id
1413 2319 1531 2371 quod
1563 2319 1705 2360 influit

221 2377 667 2425 invalescit,vertitur
689 2379 731 2418 in
754 2379 959 2427 furorem,
979 2386 1025 2420 et
1047 2381 1083 2419 si
1104 2380 1347 2432 praevalet,
1368 2381 1409 2419 in
1433 2382 1676 2421 cruciatum
1696 2396 1705 2431 ;

221 2440 335 2480 sicut
358 2453 458 2479 cum
481 2440 647 2480 bonum
670 2455 771 2481 cum
793 2442 959 2482 virtute
985 2443 1126 2482 influit
1147 2443 1264 2495 apud
1288 2443 1444 2490 malos,
1469 2450 1575 2483 tunc
1599 2443 1706 2484 mali

220 2501 292 2542 vel
318 2503 360 2542 in
387 2502 578 2543 furorem
605 2505 803 2552 veniunt,
831 2504 902 2544 vel
928 2505 971 2544 in
1003 2506 1246 2544 cruciatum
1279 2505 1566 2556 infernalem;
1599 2506 1705 2546 dum

223 2571 374 2605 autem
401 2566 566 2606 malum
593 2580 694 2606 cum
717 2568 922 2619 potentia
947 2567 1086 2607 influit
1109 2568 1225 2619 apud
1249 2567 1405 2614 bonos,
1435 2575 1540 2608 tunc
1568 2570 1704 2609 etiam

221 2626 326 2667 boni
352 2628 394 2667 in
417 2641 632 2680 angorem
656 2630 854 2677 veniunt,
879 2637 925 2670 et
948 2644 1122 2682 quoque
1146 2631 1188 2669 in
1212 2631 1434 2682 quendam
1458 2631 1704 2672 cruciatum

221 2691 538 2730 conscientiae.
599 2691 744 2731 Causa
765 2692 923 2731 intima
944 2692 1101 2731 horum
1123 2690 1358 2731 effectuum
1381 2699 1463 2739 est,
1485 2694 1585 2745 quia
1609 2695 1705 2733 vita

221 2750 502 2792 affefflonum
529 2759 573 2792 et
596 2753 699 2793 inde
721 2754 1048 2806 cogitationum
1071 2755 1268 2794 omnium
1287 2754 1328 2793 in
1348 2755 1552 2794 universo
1575 2768 1703 2794 mun·

221 2814 294 2861 do,
319 2821 412 2854 tam
444 2816 659 2867 spirituali
691 2829 823 2868 quam
855 2816 1060 2863 naturali,
1088 2816 1288 2867 procedit
1325 2830 1383 2856 ex
1422 2818 1552 2857 unico
1583 2819 1703 2858 vitae

221 2876 359 2925 sonte,
378 2877 450 2930 qui
472 2884 540 2918 est
565 2877 796 2927 Dominus,
817 2885 862 2918 et
884 2879 984 2931 quia
1008 2878 1115 2918 haec
1133 2879 1223 2918 vita
1245 2878 1301 2918 ab
1324 2880 1569 2932 unoquovis
1586 2880 1699 2920 reci-
