1962 3328
228 234 337 285 2508
641 243 973 276 APOCALYPSIS
1005 244 1305 276 EXPLICATA.

227 354 393 394 cedens
420 369 445 395 a
473 355 669 396 Domino
692 362 761 397 est
788 357 907 409 quod
934 370 1085 397 coram
1114 357 1254 396 oculis
1280 355 1546 408 angelorum
1573 368 1712 408 appa-

226 424 295 458 ret
337 418 452 459 sicut
493 418 587 467 lux,
631 432 689 459 ex
731 432 867 459 causa
908 420 1010 472 quia
1052 419 1262 459 Divinum
1305 419 1475 459 Verum
1516 418 1715 459 illustrat

227 482 507 523 intelleffium
540 483 743 533 illorum3
787 490 832 523 et
870 483 989 535 quod
1027 482 1223 522 illustrat
1256 477 1537 520 intellectum
1570 491 1710 530 ange-

228 543 385 591 lorum,
414 543 499 584 hoc
534 544 654 584 lucet
687 558 838 585 coram
866 545 1006 585 oculis
1034 545 1235 584 illorum:
1276 543 1368 583 tale
1400 548 1470 582 est
1499 541 1711 581 Divinum

200 606 396 659 „Verum
435 607 477 646 in
515 607 655 655 caelo,
690 621 740 648 ac
779 607 871 648 tale
909 614 978 648 est
1012 607 1212 647 Verbum
1245 607 1287 646 in
1327 619 1460 646 sensu
1492 603 1712 657 spirituali

226 669 345 722 ejus;
384 676 430 710 at
466 670 676 711 Divinum
709 671 879 711 Verum
913 672 955 710 in
989 677 1107 711 terra
1139 677 1209 711 est
1241 670 1373 723 quale
1406 675 1476 709 est
1508 667 1711 708 Verbum

226 734 269 773 in
302 747 434 773 sensu
462 733 655 779 litterae,
684 735 726 773 in
760 748 848 786 quo
881 747 1022 786 pauca
1054 734 1249 785 genuina
1278 746 1383 773 vera
1415 737 1533 779 sunt,
1563 730 1712 784 qualia

226 796 269 835 in
302 795 443 844 caelo,
473 796 551 836 sed
585 803 688 836 sunt
722 797 1013 849 apparentiae
1045 797 1164 845 ve1·i;
1202 794 1419 835 naturalis
1451 794 1589 834 homo
1621 806 1712 832 non

226 859 384 911 recipit
412 858 522 898 alia:
557 859 636 898 sed
662 860 858 911 genuina
880 873 998 906 vera,
1024 858 1170 914 qualia
1197 864 1301 897 sunt
1328 859 1371 896 in
1398 856 1539 904 caelo,
1565 855 1713 903 latent

229 935 366 974 usque
393 922 627 961 recondita
659 923 702 961 in
730 922 1006 974 apparentiis
1033 922 1124 961 veri
1157 921 1228 968 ibi,
1259 933 1361 959 nam
1394 925 1497 960 sunt
1524 932 1637 971 quae
1669 918 1714 958 in

227 998 359 1024 sensu
386 984 605 1036 spirituali
632 985 783 1025 Verbi.
845 984 918 1024 Ex
949 984 1016 1024 his
1044 990 1171 1037 patet
1198 984 1316 1037 quod
1344 997 1422 1036 per
1447 982 1566 1036 quod
1596 985 1713 1021 “an-

229 1046 319 1099 geli
351 1048 575 1087 exiverint
608 1062 630 1087 e
664 1047 838 1100 templo
869 1048 1012 1087 induti
1046 1047 1137 1087 lino
1164 1047 1332 1086 mundo
1358 1051 1403 1086 et
1437 1043 1715 1098 splendido‚‘'

227 1109 503 1162 significetur
529 1110 648 1163 quod
682 1110 973 1150 manifestata
999 1111 1087 1150 sint
1122 1109 1240 1149 mala
1272 1115 1318 1149 et
1350 1107 1462 1148 falsa
1493 1121 1606 1160 quae
1635 1107 1714 1147 de-

227 1178 464 1212 vastarunt
493 1172 747 1221 ecclesiam,
778 1186 855 1226 per
883 1173 1093 1212 Divinum
1123 1172 1292 1212 Verum
1323 1185 1400 1211 seu
1427 1170 1629 1210 Verbum
1655 1184 1715 1210 ex

228 1248 359 1274 sensu
387 1235 603 1287 spirituali
631 1235 735 1288 ejus.
800 1235 933 1287 Quod
966 1249 1123 1275 sensus
1156 1234 1396 1287 spiritualis
1424 1233 1564 1274 Verbi
1596 1246 1713 1273 nunc

228 1296 433 1337 detectus
466 1297 538 1345 sit,
572 1305 676 1339 sunt
715 1298 863 1351 plures
901 1312 1075 1338 causae.
1144 1298 1253 1346 Una,
1287 1298 1390 1351 quia
1421 1296 1639 1337 ecclesiae
1671 1297 1714 1336 in

230 1360 486 1401 Christiano
533 1362 640 1402 orbe
681 1361 1031 1402 falsificaverunt
1079 1374 1261 1401 omnem
1307 1373 1488 1401 sensum
1533 1359 1716 1400 litterae

230 1423 382 1471 Verbi,
403 1430 449 1464 et
473 1423 558 1465 hoc
583 1439 721 1477 usque
744 1425 800 1464 ad
823 1423 1177 1464 destruffionem
1202 1424 1351 1464 Divini
1375 1423 1482 1463 Veri
1505 1423 1548 1463 in
1571 1422 1715 1472 caelo,

229 1500 307 1539 per
333 1487 451 1540 quod
485 1487 715 1527 occlusum
748 1494 817 1527 est
851 1487 1055 1537 caelum;
1094 1491 1308 1540 quareut
1342 1485 1515 1538 caelum
1543 1486 1715 1538 aperia-

230 1557 314 1598 tur,
349 1550 635 1603 beneplacuit
670 1550 867 1590 Domino
899 1563 1079 1590 sensum
1113 1549 1390 1602 spiritualem
1418 1549 1558 1590 Verbi
1589 1563 1716 1589 reve-

230 1612 335 1659 lare,
360 1613 402 1652 in
431 1627 518 1666 quo
546 1627 679 1653 sensu
705 1620 774 1653 est
804 1613 1013 1653 Divinum
1039 1613 1207 1653 Verum
1236 1612 1367 1665 quale
1394 1618 1462 1652 est
1490 1613 1533 1652 in
1559 1611 1715 1662 caelo;

230 1689 307 1728 per
331 1675 532 1715 Verbum
560 1677 678 1716 enim
706 1682 774 1716 est
802 1674 1058 1728 conjunctio
1084 1675 1278 1715 hominis
1306 1688 1405 1716 cum
1434 1675 1644 1723 Domino,
1670 1681 1716 1716 et

230 1738 333 1778 inde
375 1752 475 1778 cum
518 1738 669 1779 caelo:
718 1738 899 1792 quando
936 1738 1137 1779 Verbum
1178 1737 1438 1779 falsificatur
1479 1752 1618 1791 usque
1659 1738 1716 1778 ad

233 1799 586 1841 destructionem
619 1802 800 1854 genuini
827 1802 918 1842 veri
950 1801 1056 1853 ejus,
1085 1808 1192 1842 tunc
1226 1802 1340 1854 perit
1373 1799 1642 1853 conjunctio,
1670 1807 1716 1842 et

233 1870 467 1916 separatur
493 1864 630 1905 homo
657 1879 682 1904 a
714 1864 871 1913 caelo;
911 1871 958 1905 ut
985 1865 1137 1917 itaque
1164 1864 1238 1904 ille
1265 1863 1392 1904 caelo
1419 1865 1579 1904 iterum
1607 1877 1716 1904 con-

227 1925 455 1979 jungatur,
476 1927 725 1967 revelatum
749 1933 819 1967 est
844 1927 1053 1967 Divinum
1074 1926 1242 1967 Verum
1261 1926 1392 1979 quale
1415 1933 1485 1967 est
1508 1927 1551 1966 in
1574 1926 1715 1974 caelo,

231 1996 277 2030 et
310 1990 395 2030 hoc
424 1989 739 2030 confirmatum
766 1997 835 2031 est
869 2004 947 2043 per
973 2003 1154 2030 sensum
1187 1989 1464 2043 spiritualem
1491 1989 1644 2038 Verbi,
1673 1990 1717 2030 in

234 2065 321 2105 quo
358 2058 427 2092 θεῖ
464 2052 573 2092 illud
613 2053 823 2093 Divinum
856 2052 1039 2093 Verum.
1100 2052 1264 2093 Altera
1299 2065 1434 2093 causa
1469 2052 1564 2100 suit,
1598 2052 1718 2105 quod

232 2115 343 2155 falsa
366 2129 479 2168 quae
502 2116 774 2156 inundarunt
798 2116 1052 2164 ecclesiam,
1077 2122 1123 2156 et
1146 2116 1442 2156 devastarunt
1465 2115 1602 2164 illam,
1628 2128 1716 2156 non

233 2185 421 2230 possent
454 2179 616 2219 discuti
649 2180 731 2219 nisi
762 2193 894 2232 quam
928 2193 1006 2232 per
1031 2179 1274 2231 genuinum
1300 2192 1454 2219 verum
1486 2179 1531 2218 in
1563 2178 1719 2219 Verbo

233 2247 466 2293 apertum;
499 2241 610 2282 falsa
636 2248 682 2282 et
710 2243 812 2282 inde
840 2242 973 2290 mala,
998 2255 1049 2282 ac
1077 2242 1196 2282 mala
1222 2248 1267 2282 et
1295 2242 1398 2282 inde
1424 2242 1548 2290 falsa,
1573 2241 1718 2282 nulla-

234 2310 367 2343 tenus
404 2311 592 2356 possunt
630 2305 769 2344 videri
810 2305 892 2344 nisi
934 2319 992 2345 ex
1034 2305 1141 2358 ipsis
1177 2305 1318 2344 veris:
1365 2304 1476 2344 falsa
1512 2305 1630 2345 enim
1672 2311 1719 2346 et

235 2365 369 2414 mala,
404 2367 615 2419 quamdiu
646 2368 843 2420 genuina
875 2382 980 2408 vera
1016 2381 1106 2408 non
1139 2367 1319 2415 adsunt,
1353 2373 1573 2420 apparent
1605 2368 1719 2408 sicut

235 2429 279 2468 in
322 2430 515 2481 quadam
558 2430 683 2480 luce;
730 2430 808 2470 lux
850 2430 936 2471 illis
978 2437 1047 2471 est
1089 2446 1147 2471 ex
1187 2430 1601 2471 confirmationibus
1642 2444 1721 2484 per

237 2491 471 2531 ratiocinia
489 2506 547 2532 ex
566 2493 758 2533 naturali
782 2493 977 2541 homine,
998 2500 1044 2534 et
1068 2508 1145 2546 per
1162 2507 1342 2534 sensum
1362 2493 1541 2534 litterae
1559 2506 1719 2534 secun·
1779 2524 1790 2532 Α

236 2554 342 2593 dum
365 2557 653 2607 apparentias
676 2569 827 2596 coram
850 2556 927 2596 illo
950 2556 1131 2597 homine
1149 2556 1427 2609 explicatum
1450 2562 1496 2596 et
1519 2556 1720 2609 applica-

236 2623 359 2667 tum;
393 2624 439 2658 at
467 2631 566 2658 cum
594 2620 788 2671 genuina
814 2633 919 2659 vera
945 2620 1124 2666 adsunt,
1149 2626 1255 2659 tunc
1283 2620 1472 2672 primum
1499 2626 1720 2672 apparent

236 2679 347 2719 salsa
373 2686 419 2720 et
446 2681 590 2731 mala;
625 2681 702 2721 lux
726 2682 843 2722 enim
867 2682 992 2730 caeli,
1017 2696 1130 2735 quae
1157 2689 1225 2722 est
1249 2682 1452 2734 genuinis
1475 2683 1604 2729 veris,
1630 2683 1720 2722 dis-

237 2743 354 2794 sipat
397 2742 540 2782 lucem
583 2743 751 2784 fatuam
788 2743 1014 2791 falsorum,
1054 2750 1099 2784 et
1142 2745 1366 2784 convertit
1408 2745 1452 2783 in
1494 2744 1720 2784 tenebras.

245 2804 394 2844 Tertia
425 2818 559 2845 causa
590 2812 674 2854 est,
710 2813 757 2847 ut
796 2806 926 2846 Nova
958 2806 1179 2855 Ecclesia,
1213 2821 1325 2860 quae
1357 2820 1434 2859 per
1468 2806 1722 2852 “Sanctam

239 2867 635 2920 Hierosolymam''
657 2870 699 2909 in
723 2869 999 2922 Apocalypsi
1019 2870 1301 2923 intelligitur,
1330 2869 1568 2923 conjuncta
1594 2870 1722 2912 caelo
