1962 3328
283 294 396 338 2720
701 294 1035 328 APOCALYPSIS
1067 295 1364 328 EXPLICATA.

285 405 401 441 Nunc
419 406 511 452 quia
529 407 659 442 anima
677 414 717 442 et
735 419 877 453 corpus
895 414 987 443 sunt
1006 419 1106 442 unus
1125 408 1256 447 homo,
1276 414 1316 443 et
1335 408 1426 442 inde
1445 418 1522 442 una
1539 419 1717 452 persona,
1736 414 1775 443 et

283 453 409 498 qualis
428 460 488 488 est
507 454 638 488 anima
649 455 727 489 tale
743 461 803 489 est
817 466 971 500 corpus,
988 455 1176 500 sequitur,
1192 456 1298 500 quod
1314 455 1406 500 quia
1419 455 1565 489 Anima
1586 454 1713 500 Ipsius
1728 466 1775 489 ex

284 499 403 535 Patre
429 500 505 535 fuit
533 501 733 541 Divinum,
756 502 875 536 etiam
903 501 1067 546 Corpus,
1090 503 1196 547 quod
1222 509 1283 536 est
1312 502 1540 536 Humanum
1566 501 1703 547 Ipsius,
1725 502 1776 536 sit

283 546 485 582 Divinum.
538 547 774 593 Susceperat
788 549 947 594 quidem
969 559 1111 593 corpus
1133 560 1200 583 seu
1227 549 1443 583 humanum
1466 560 1513 583 ex
1536 555 1680 588 matre;
1706 549 1775 583 sed

282 593 358 628 hoc
378 594 416 628 in
436 596 588 629 mundo
606 596 725 636 exuit,
745 602 785 630 et
806 595 936 630 induit
956 594 1185 629 Humanum
1208 607 1255 630 ex
1279 595 1406 635 Patre,
1427 602 1466 630 ct
1487 596 1563 630 hoc
1584 602 1644 630 est
1667 595 1776 630 Divi-

281 652 376 675 num
399 640 645 676 Humanum.

355 687 516 722 Dicitur
535 689 573 722 in
595 688 796 729 Doctrina,

402 764 580 802 “Aequalis
594 765 691 793 Patri
705 764 813 803 quoad
826 765 994 799 Divinum,
1011 774 1048 794 ac
1062 765 1201 804 inferior
1213 765 1311 794 Patre
1325 765 1432 803 quoad
1443 766 1630 795 Humanum
1640 764 1675 796 :¹⁹

281 836 358 871 hoc
379 847 537 881 quoque
559 848 648 871 cum
669 837 837 872 veritate
864 837 1091 878 concordat,
1114 838 1207 872 dum
1236 838 1471 884 intelligitur
1489 838 1704 873 humanum
1727 849 1775 874 ex

282 890 419 923 matre,
441 891 483 918 ut
501 895 661 929 quoque
684 884 748 919 ibi.

353 930 398 965 In
420 930 613 966 Doctrina
631 932 750 966 etiam
770 932 926 971 dicitur,

360 1016 378 1028 ⁴⁴
391 1036 398 1043 .
409 1036 417 1044 .
429 1014 518 1043 Deus
532 1017 563 1042 et
575 1014 665 1043 lzomo
678 1037 685 1044 .
697 1037 704 1044 .
717 1037 723 1044 .
736 1013 764 1044 .”
776 1018 822 1043 est
835 1018 852 1028 ‘⁸
864 1024 946 1043 unus
964 1015 1108 1044 Christus
1119 1025 1131 1043 .·
1147 1024 1229 1043 unus
1240 1024 1302 1043 non
1311 1018 1373 1052 per
1383 1014 1615 1043 conversionem
1629 1014 1779 1043 essentiae

482 1061 627 1090 Divinae
641 1062 676 1090 in
690 1062 871 1096 humanam,
886 1062 943 1091 sed
948 1066 1012 1100 per
1023 1062 1265 1100 assumptionem
1280 1062 1431 1090 essentiae
1445 1062 1616 1090 Humanae
1629 1062 1664 1091 in
1679 1062 1777 1090 Divi-

483 1118 567 1138 nam.

366 1155 455 1185 Unus
463 1159 609 1193 prorsus,
626 1164 688 1184 non
697 1160 761 1193 per
774 1155 1027 1184 commixtionem
1040 1156 1241 1189 substantiae,
1257 1155 1313 1184 sed
1318 1160 1382 1193 per
1394 1155 1546 1184 unitatem
1560 1154 1749 1185 Personae.''

282 1227 394 1263 Haec
410 1239 569 1274 quoque
584 1239 673 1262 cum
687 1228 854 1263 veritate
870 1229 1125 1268 concordant,
1139 1228 1325 1273 quoniam
1340 1228 1473 1262 anima
1486 1239 1565 1263 non
1578 1227 1778 1262 convertit

280 1286 322 1311 se
350 1275 387 1309 in
416 1286 570 1320 corpus,
592 1286 664 1310 nec
689 1276 921 1310 commiscet
939 1287 980 1310 se
1007 1276 1162 1320 corpori
1185 1282 1228 1309 ut
1254 1275 1322 1309 fiat
1343 1286 1496 1320 corpus,
1515 1275 1583 1310 sed
1610 1274 1776 1310 assumit

280 1322 354 1358 sibi
374 1333 539 1367 corpus:
567 1323 621 1356 ita
641 1322 774 1357 anima
799 1329 839 1357 et
865 1334 1018 1367 corpus,
1038 1323 1196 1357 tametsi
1218 1323 1298 1357 duo
1321 1321 1509 1356 distincta
1529 1329 1632 1362 sunt,
1651 1331 1775 1367 usque

280 1381 383 1404 unus
406 1370 527 1404 homo
550 1376 662 1409 sunt;
689 1376 729 1404 et
750 1370 881 1415 quoad
906 1369 1133 1409 Dominum,
1156 1381 1257 1404 unus
1280 1368 1471 1409 Christus,
1491 1369 1567 1404 hoc
1584 1375 1656 1409 est,
1674 1379 1776 1404 unus

283 1416 421 1451 Homo
439 1416 505 1462 qui
528 1416 647 1451 Deus.

354 1463 473 1498 Plura
490 1464 540 1498 de
561 1463 707 1498 Divino
727 1462 916 1498 Humano
936 1463 1098 1498 Domini
1118 1464 1156 1497 in
1176 1463 1431 1509 sequentibus
1450 1463 1642 1498 dicentur.

350 1586 517 1628 1109.
558 1576 636 1615 “ft
661 1589 711 1616 ne
734 1576 944 1628 recspiatis
967 1589 1022 1616 ex
1034 1576 1168 1630 playis
1192 1576 1515 1630 ejus.''—-Quod
1547 1577 1773 1629 significet

278 1647 321 1681 et
338 1641 446 1681 >inde
475 1641 520 1681 in
540 1640 675 1692 falsa
701 1641 820 1689 mali,
849 1655 899 1681 ac
919 1641 983 1682 ita
1008 1641 1053 1681 in
1070 1641 1265 1689 exitium,
1294 1648 1478 1681 constat
1511 1655 1570 1682 ex
1603 1641 1773 1694 signifi—

280 1705 460 1744 catione
490 1704 804 1757 “plagarum”
827 1705 946 1758 quod
973 1705 1064 1745 sint
1091 1704 1200 1744 talia
1232 1718 1345 1757 quae
1372 1705 1610 1744 destruunt
1633 1705 1774 1744 vitam

280 1765 564 1818 spiritualem
590 1765 787 1805 hominis
813 1776 868 1814 (de
883 1785 948 1813 qua
961 1785 1113 1813 supram.
1134 1766 1256 1817 584);
1299 1766 1368 1805 hic
1400 1765 1514 1805 falsa
1543 1779 1602 1805 ex
1634 1765 1771 1812 malo,

281 1830 384 1882 quia
406 1829 518 1870 haec
542 1829 665 1869 illam
682 1830 823 1870 vitam
851 1830 1102 1871 destruunt.
1165 1830 1373 1883 Apparet
1397 1831 1512 1870 sicut
1535 1830 1631 1882 ipsa
1653 1829 1773 1870 mala

281 1893 519 1933 destruant
534 1893 675 1932 vitam
694 1893 973 1944 spiritualem
991 1893 1200 1940 hominis,
1221 1894 1300 1933 sed
1323 1893 1399 1932 illa
1422 1906 1512 1932 non
1531 1892 1770 1932 destruunt

281 1955 406 1995 illam
438 1969 497 1996 ex
540 1969 600 2002 se,
635 1955 714 1995 sed
747 1969 826 2008 per
857 1955 995 2006 falsa;
1034 1969 1168 1995 causa
1200 1962 1284 2003 est,
1319 1957 1420 2008 quia
1455 1954 1574 1995 mala
1605 1955 1773 2008 absque

279 2017 402 2058 falsis
429 2031 519 2058 non
547 2018 719 2058 intrant
747 2019 1092 2070 cogitationem,
1123 2025 1226 2058 sunt
1253 2019 1371 2058 enim
1399 2018 1536 2058 solius
1558 2017 1771 2058 volunta-

282 2082 354 2129 tis,
383 2087 429 2121 et
456 2095 569 2134 quae
596 2087 700 2120 sunt
727 2080 977 2121 voluntatis
1006 2088 1051 2121 et
1082 2095 1171 2121 non
1199 2081 1329 2120 simul
1358 2081 1651 2133 cogitationis
1682 2093 1772 2120 non

280 2150 469 2196 possunt
492 2144 737 2192 destruere,
758 2145 860 2197 quia
878 2150 982 2184 sunt
1006 2144 1281 2184 irrationalia
1303 2159 1310 2193 ;
1340 2145 1483 2184 nescit
1503 2144 1640 2184 etiam
1665 2149 1771 2183 tunc

281 2208 419 2247 homo
445 2207 566 2260 quod
593 2206 712 2247 mala
739 2205 888 2247 [¹]sint:
930 2214 977 2247 at
1008 2221 1116 2248 vero
1143 2208 1324 2260 quando
1357 2207 1638 2259 cogitatione
1664 2219 1772 2246 con-

279 2269 427 2310 firmat
473 2270 606 2317 mala,
649 2276 755 2310 tunc
798 2270 1052 2319 destruunt,
1092 2277 1196 2310 sunt
1238 2271 1356 2310 enim
1398 2277 1505 2310 tunc
1548 2270 1740 2310 hominis
1762 2284 1771 2318 ;

280 2331 646 2373 confirmationes
673 2332 894 2372 malorum
921 2347 979 2373 ex
1006 2333 1289 2385 cogitatione
1316 2339 1420 2372 sunt
1447 2332 1571 2372 falsa.
1635 2330 1771 2384 Quod

280 2395 392 2436 falsa
423 2395 494 2436 hic
529 2410 607 2449 per
636 2395 834 2449 “plagas
847 2395 866 2410 '’
891 2396 1213 2448 significentur,
1240 2402 1309 2436 est
1335 2396 1437 2448 quia
1463 2409 1540 2447 per
1569 2398 1771 2448 “pecca-

280 2458 367 2506 ta,‘'
390 2472 503 2511 quae
530 2472 639 2499 mox
667 2460 785 2511 prius
812 2459 1063 2506 dicunntur,
1093 2458 1212 2498 mala
1244 2459 1408 2498 amoris
1441 2458 1505 2497 sui
1538 2463 1583 2498 et
1617 2457 1772 2498 mundi

279 2521 609 2574 intelliguntur,
634 2528 680 2562 et
707 2523 751 2561 in
779 2521 933 2562 Verbo
959 2522 1032 2562 ubi
1058 2522 1206 2574 agitur
1232 2521 1288 2561 de
1315 2521 1436 2560 malo
1458 2521 1596 2568 etiam
1623 2521 1772 2572 agitur

280 2585 335 2624 de
367 2583 494 2624 falso.
558 2584 688 2624 Nunc
729 2585 832 2637 quia
872 2583 991 2624 mala
1029 2585 1267 2624 destruunt
1308 2585 1449 2624 vitam
1491 2582 1770 2636 spiritualem

280 2660 358 2699 per
383 2646 508 2694 falsa,
529 2653 575 2687 et
602 2660 680 2699 per
701 2650 725 2666 “
742 2647 901 2700 plagas
915 2646 933 2662 ”
951 2646 1262 2699 significantur
1287 2646 1400 2686 falsa
1426 2660 1485 2686 ex
1513 2645 1647 2693 malo,
1667 2646 1770 2686 ideo

279 2709 416 2749 etiam
440 2723 519 2762 per
544 2709 743 2763 “plagas
762 2709 780 2724 '’
804 2708 1081 2762 significatur
1104 2709 1307 2749 exitium.

278 2801 456 2824 (continuatio
466 2801 495 2821 de
506 2800 567 2821 Fide
576 2801 631 2822 Atlz
634 2807 711 2821 aaaaa
710 2802 714 2806 ”
713 2807 774 2822 aaaaa
777 2801 786 2826 )

355 2838 472 2884 Quod
489 2839 622 2873 omnia
636 2846 675 2873 et
694 2839 849 2885 singula
864 2838 1076 2873 Doctrinae
1091 2838 1383 2873 Athanasianae
1402 2839 1450 2873 de
1468 2838 1645 2872 trinitate
1663 2844 1702 2873 et
1721 2838 1770 2872 de

280 2885 457 2920 Domino
483 2886 564 2920 sint
585 2886 732 2920 veritas
757 2893 797 2920 et
827 2886 1082 2925 concordent,
1105 2885 1225 2920 modo
1252 2886 1340 2920 loco
1367 2885 1486 2919 trium
1513 2895 1767 2930 personarum

278 2939 453 2967 sumatur
479 2943 559 2967 una
578 2932 752 2968 Persona
770 2933 808 2967 in
831 2943 908 2978 qua
928 2932 1094 2973 trinitas,
1114 2939 1154 2967 et
1175 2933 1358 2967 credatur
1374 2932 1480 2978 quod
1506 2931 1699 2966 Dominus
1717 2931 1768 2966 sit

1937 2619 1945 2627 g

1952 2603 1962 2674 ,ιη-..4
1954 2549 1962 2591 2⁴..·=
