1962 3328
660 286 726 318 DE
757 285 936 317 DIVINA
969 282 1338 316 SAPIENTIA.—1.
1684 285 1740 327 43

256 400 567 455 apparentiam
598 397 849 452 procedunt
884 411 910 438 a
945 396 1142 437 Domino
1172 402 1221 436 ut
1257 394 1378 443 Sole,
1410 394 1630 448 sapientia
1660 394 1742 436 sub

256 463 407 516 specie
431 462 555 510 lucis,
587 468 634 502 et
658 474 785 501 amor
809 460 892 500 sub
916 459 1208 513 perceptione
1233 457 1410 506 caloris,
1436 457 1539 498 ideo
1570 463 1620 498 ut
1651 457 1741 498 duo

257 523 469 566 distinRa
491 524 763 577 recipiuntur
787 523 845 563 ab
868 521 1069 575 angelis;
1105 535 1132 562 a
1156 521 1421 575 quibusdam
1445 519 1544 574 plus
1575 534 1634 560 ex
1666 533 1740 560 ca-

256 588 353 630 lore
377 589 450 642 qui
480 594 550 629 est
574 600 716 636 amor,
742 593 790 627 et
819 599 846 626 a
877 585 1142 639 quibusdam
1173 584 1273 638 plus
1303 597 1363 624 ex
1395 582 1495 624 luce
1525 596 1639 636 quae
1671 589 1740 623 est

255 651 501 705 sapientia:
528 663 663 703 quare
680 649 817 690 etiam
831 647 983 701 angeli
999 648 1198 688 omnium
1216 645 1442 687 caelorum
1457 645 1739 698 distinguun—

256 720 329 755 tur
362 714 407 754 in
442 713 532 753 duo
565 725 719 765 regna.
779 710 851 752 Illi
886 711 961 764 qui
995 709 1096 764 plus
1131 723 1191 750 ex
1222 708 1373 750 calore
1402 708 1477 762 qui
1512 713 1583 748 est
1614 720 1741 747 amor

256 789 389 830 quam
414 789 473 816 ex
500 775 599 816 luce
623 788 737 828 quae
762 780 833 815 est
858 774 1080 827 sapientia
1102 778 1384 825 receperunt,
1410 771 1578 812 faciunt
1605 782 1739 810 unum

255 851 457 891 regnum,
480 844 527 879 et
548 843 769 878 vocantur
788 836 939 889 angeli
960 835 1183 876 caelestes
1202 849 1212 885 ;
1244 848 1303 875 ex
1330 834 1399 875 his
1419 839 1524 874 sunt
1546 833 1740 886 supremi

255 900 381 942 caeli.
436 900 508 941 Illi
531 906 684 941 autem
706 899 780 953 qui
804 899 904 952 plus
928 912 988 939 ex
1014 898 1113 939 luce
1134 911 1248 951 quae
1269 903 1339 938 est
1365 896 1585 950 sapientia
1606 908 1740 948 quam

254 977 315 1005 ex
331 963 485 1006 calore
505 964 579 1017 qui
600 968 670 1004 est
690 975 817 1003 amor
833 968 1112 1015 receperunt,
1130 960 1297 1001 faciunt
1318 959 1512 1000 alterum
1533 971 1738 1012 regnum,

254 1033 303 1068 et
327 1034 546 1068 vocantur
565 1025 716 1079 angeli
737 1024 1017 1079 spirituales:
1050 1038 1109 1065 ex
1135 1024 1203 1064 his
1228 1030 1333 1064 sunt
1358 1022 1587 1063 inferiores
1613 1020 1739 1062 caeli.

254 1090 430 1131 Dicitur
454 1089 573 1143 quod
603 1089 648 1129 hi
673 1088 772 1142 plus
797 1088 1047 1141 receperint
1073 1101 1133 1128 ex
1158 1086 1258 1127 luce
1283 1098 1397 1139 quae
1422 1091 1493 1125 est
1518 1084 1740 1137 sapientia

255 1166 390 1207 quam
421 1166 481 1193 ex
511 1151 660 1193 calore
684 1152 758 1205 qui
788 1157 859 1192 est
888 1163 1027 1199 amor,
1059 1149 1140 1190 sed
1170 1149 1257 1190 hoc
1289 1148 1388 1202 plus
1418 1154 1488 1188 est
1518 1160 1740 1200 apparens

254 1215 369 1269 plus,
395 1229 486 1256 non
506 1215 625 1256 enim
646 1221 750 1255 sunt
774 1213 874 1267 plus
894 1214 1122 1267 sapientes
1142 1225 1275 1266 quam
1297 1224 1378 1264 pro
1399 1217 1449 1251 ut
1474 1223 1600 1250 amor
1620 1209 1739 1263 apud

254 1279 357 1320 illos
392 1291 528 1319 unum
562 1278 668 1319 facit
707 1290 810 1318 cum
844 1276 1092 1330 sapientia;
1138 1288 1275 1329 quare
1311 1274 1450 1315 etiam
1485 1272 1740 1326 spirituales

254 1342 405 1395 angeli
425 1354 515 1381 non
536 1347 756 1382 vocantur
775 1340 1016 1392 sapientes,
1039 1338 1120 1379 sed
1145 1337 1470 1390 intelligentes.
1531 1335 1660 1376 Haec
1683 1335 1740 1376 de

254 1404 355 1446 luce
377 1405 423 1445 in
448 1404 659 1451 Domino,
682 1410 728 1444 et
746 1417 806 1443 ex
833 1402 1042 1450 Domino,
1069 1407 1116 1442 et
1141 1402 1186 1441 in
1211 1400 1399 1453 angelis.

338 1467 502 1508 Divina
526 1467 747 1520 sapientia
772 1479 887 1520 quae
917 1466 963 1506 in
994 1464 1130 1505 caelis
1161 1470 1350 1517 apparet
1382 1469 1431 1504 ut
1463 1461 1558 1510 lux,
1584 1463 1629 1502 in
1660 1475 1741 1502 sua

253 1531 450 1571 essentia
474 1543 565 1570 non
589 1536 659 1583 est
685 1529 779 1576 lux,
801 1529 882 1569 sed
906 1528 1050 1568 induit
1074 1541 1123 1568 se
1149 1527 1263 1574 luce,
1290 1532 1339 1567 ut
1364 1525 1441 1566 illa
1466 1538 1619 1566 coram
1642 1525 1740 1566 visu

253 1592 517 1646 angelorum
542 1593 679 1633 etiam
704 1597 933 1644 appareat.
993 1589 1226 1643 Sapientia
1255 1590 1299 1629 in
1330 1602 1411 1629 sua
1440 1588 1639 1629 essentia
1668 1594 1739 1629 est

254 1655 466 1696 Divinum
491 1668 658 1702 verum,
684 1668 736 1695 ac
768 1654 847 1694 lux
879 1660 949 1694 est
981 1653 1073 1706 ejus
1098 1653 1363 1706 apparentia
1394 1658 1441 1692 et
1473 1663 1738 1704 correspon-

254 1718 419 1759 dentia.
480 1717 592 1759 Cum
618 1717 717 1758 luce
741 1717 990 1770 sapientiae
1015 1716 1159 1756 simile
1181 1722 1252 1756 est
1277 1722 1327 1756 ut
1358 1722 1429 1755 est
1461 1727 1563 1755 cum
1588 1712 1739 1754 calore

253 1782 430 1829 amoris,
454 1781 510 1821 de
534 1795 624 1834 quo
647 1794 791 1834 supra.
852 1778 1077 1832 Quoniam
1103 1779 1182 1819 lux
1209 1778 1533 1831 correspondet
1559 1777 1738 1831 sapien-

254 1844 358 1891 tiae,
379 1850 427 1884 et
448 1843 667 1884 Dominus
688 1849 758 1883 est
781 1842 945 1883 Divina
966 1841 1211 1895 Sapientia,
1234 1841 1336 1882 ideo
1357 1841 1494 1881 etiam
1517 1840 1739 1881 Dominus

252 1906 299 1947 in
315 1906 471 1947 Verbo
491 1905 644 1947 multis
663 1907 708 1946 in
730 1905 840 1946 locis
861 1912 1050 1946 vocatur
1070 1903 1250 1953 “Lux,”
1271 1911 1320 1944 ut
1345 1904 1390 1944 in
1415 1903 1736 1957 sequentibus:

322 2003 346 2017 ‘¹
356 2001 442 2034 Erat
452 2001 528 2033 Lux
536 2011 633 2053 yera,
644 2011 734 2043 quae
743 2001 919 2033 illuminat
927 2011 1072 2032 omnem
1081 2001 1264 2046 hominem
1274 2000 1478 2032 venientem
1488 2000 1524 2031 in
1534 2000 1707 2031 mundum
1716 1998 1739 2013 ’⁹

317 2045 679 2131 Jaeusqfioxhiiifflkgo
702 2098 781 2120 sum
807 2088 883 2120 Lux
899 2088 1023 2120 mundi
1037 2097 1045 2122 ;
1069 2088 1128 2128 qui
1145 2088 1304 2129 sequitur
1320 2086 1382 2118 Me
1398 2097 1471 2118 non
1488 2086 1684 2118 ambulabit
1699 2087 1736 2118 in

428 2132 595 2170 tenebris,
608 2133 671 2164 sed
687 2132 830 2163 habebit
845 2132 959 2163 lucem
976 2132 1071 2162 vitae
1080 2131 1100 2143 '¹
1116 2131 1216 2173 (Jok.
1230 2131 1304 2163 viii.
1320 2131 1395 2169 12);

322 2177 347 2192 ‘⁸
355 2175 572 2251 ῙἽὶἓέἘ
586 2200 631 2250 {222
639 2175 1219 2250 zss'ssz‘sfflsssffissffi?
1229 2181 1307 2213 ‘²⁵¹²
1330 2174 1510 2249 mcbuuff‘
1520 2173 1735 2248 t{¹¹¹¹'1‚³¹¹‘1²⁶¹¹¹

426 2244 616 2294 credite’in
633 2262 759 2299 lucem,
777 2268 816 2293 ut
839 2262 901 2293 filii
924 2229 1013 2293 luctis
1037 2262 1127 2295 sitis.
1175 2286 1183 2294 .
1222 2286 1230 2294 .
1244 2243 1267 2293 ..
1282 2242 1291 2250 .
1302 2243 1380 2301 ligo
1404 2227 1540 2292 Luxeisn
1549 2227 1736 2292 vgulgdiiss

425 2307 520 2344 veni,
538 2312 578 2338 ut
593 2306 752 2347 quisquis
766 2306 879 2337 credit
901 2306 938 2336 in
957 2305 1017 2337 Me
1040 2306 1077 2337 in
1090 2305 1248 2337 tenebris
1270 2314 1345 2336 non
1362 2310 1508 2336 maneat
1516 2303 1536 2315 ’'
1552 2303 1653 2346 (Joh.
1671 2304 1733 2336 xii.

427 2358 480 2389 35.
497 2350 550 2388 36.
562 2350 606 2388 46
618 2350 641 2387 :)

319 2391 373 2432 (ae
389 2393 521 2433 pluries
536 2393 645 2432 alibi).

256 2481 417 2522 Divina
446 2481 589 2535 Ipsius
618 2482 838 2534 sapientia
867 2482 1375 2535 etiam1repraesentata
1398 2487 1468 2522 est
1494 2494 1572 2534 per
1596 2480 1734 2522 vesti-

255 2551 410 2585 menta
434 2544 576 2597 Ipsius
600 2557 701 2585 cum
727 2544 1071 2586 transformatus
1095 2550 1182 2593 est,

320 2638 425 2680 Quod
440 2638 499 2669 illa
508 2639 735 2680 apparuerint
750 2639 841 2670 sicut
856 2639 929 2676 lux,
940 2639 1164 2671 coruscantia
1179 2645 1215 2671 et
1230 2639 1382 2671 candida
1392 2645 1430 2670 ut
1446 2639 1518 2675 nix,
1533 2638 1651 2679 qualia
1661 2648 1734 2670 non

429 2688 547 2722 potest
562 2681 649 2712 fullo
665 2682 702 2712 in
719 2688 813 2713 terra
828 2682 993 2714 dealbare
1008 2683 1134 2723 (Marc.
1153 2683 1200 2714 ix.
1214 2691 1233 2722 3
1249 2692 1257 2721 ;
1281 2683 1386 2714 Matt.
1402 2682 1485 2714 xvii.
1500 2682 1544 2721 2).

256 2774 612 2815 “Vestimenta''
636 2775 680 2815 in
706 2774 860 2816 Verbo
885 2775 1138 2828 significant
1164 2790 1270 2816 vera
1294 2776 1567 2828 sapientiae3
1599 2788 1734 2828 quare

254 2850 411 2878 omnes
432 2837 581 2889 angeli
606 2837 649 2877 in
672 2837 807 2877 caelis
829 2839 1074 2879 secundum
1096 2853 1201 2879 suae
1224 2840 1452 2882 scientiae.
1476 2837 1732 2890 intelligen-

254 2900 358 2949 tiae,
376 2907 422 2941 et
438 2901 682 2953 sapientiae
700 2914 805 2940 vera
818 2902 970 2941 vestiti
986 2909 1218 2955 apparent.
1279 2900 1412 2954 Quod
1431 2901 1508 2940 lux
1523 2900 1580 2940 sit
1594 2912 1732 2952 appa·
