1962 3328
642 308 646 309 ⁷
684 259 790 292 cAP.
813 259 908 299 xv„
931 258 1068 291 VERs.
1092 250 1238 290 8.-N.
1259 248 1355 301 956.
1644 258 1752 302 2517

270 371 364 417 quia
387 371 614 406 universum
639 371 790 405 caelum
816 376 876 405 est
902 370 943 404 in
968 369 1139 404 maxima
1163 369 1291 415 effigie
1319 368 1465 409 Homo,
1492 380 1538 404 ac
1565 368 1752 403 Divinum

270 419 487 463 procedens
500 429 524 452 a
538 417 712 452 Domino
725 417 819 452 facit
831 417 1003 457 caelum;
1026 427 1146 461 quare
1157 416 1331 462 cogitare
1344 416 1458 450 aliter
1470 417 1519 451 de
1536 416 1622 450 Deo
1635 426 1752 460 quam

270 465 487 500 secundum
507 464 691 498 Divinam
709 464 814 498 illam
833 463 1011 503 formam,
1030 474 1131 508 quae
1148 470 1208 497 est
1228 462 1423 502 Humana,
1441 463 1590 509 angelis
1609 462 1755 513 impos-

269 511 382 546 sibile
399 517 470 551 est,
488 511 748 557 cogitationes
766 510 870 545 enim
889 510 1088 555 angelicae
1107 510 1327 554 pervadunt
1344 510 1508 544 caelum.
1559 516 1671 552 (Quod
1686 516 1755 543 uni-

269 567 394 587 versum
409 559 540 588 Caelum
556 559 588 586 in
603 558 782 595 Complexu
796 558 907 586 reserat
922 566 1021 586 unum
1039 558 1223 590 Hominem.
1237 557 1380 585 videatur
1393 557 1424 584 in
1440 566 1536 594 opere
1551 558 1602 586 De
1620 558 1712 586 Caelo
1726 562 1755 585 et

270 599 407 635 Inferna,
417 608 448 627 n.
460 597 611 635 [¹151-86:
633 603 664 626 et
675 599 763 634 quod
773 598 887 635 Angeli
902 598 1040 634 cogitent
1054 597 1229 626 secundum
1242 597 1375 625 formam
1387 597 1474 630 caeli,
1486 606 1517 626 n.
1532 607 1671 626 200-212
1685 598 1753 633 ibi.)

273 636 383 672 Haec
400 637 489 672 idea
515 637 588 672 Dei
614 637 743 672 influit
767 648 789 672 e
813 638 923 672 caelo
947 637 1052 682 apud
1082 647 1220 671 omnes
1246 636 1285 670 in
1310 637 1469 676 mundo,
1488 647 1534 672 ac
1551 637 1696 672 residet
1715 638 1753 671 in

269 684 408 730 spiritu
426 685 601 724 illorum;
626 685 695 720 sed
713 691 876 729 apparet
888 684 990 718 sicut
1002 683 1215 728 exstirpata
1227 683 1265 717 in
1284 683 1449 718 ecclesia
1465 684 1569 728 apud
1585 684 1672 719 illos
1686 685 1753 729 qui

271 730 311 765 in
328 730 587 776 intelligentia
604 738 696 766 sunt
713 742 761 766 ex
775 731 952 776 proprio:
979 731 1100 764 immo
1115 730 1170 764 ita
1180 730 1394 774 exstirpata
1407 730 1509 764 sicut
1526 741 1606 765 non
1625 731 1754 765 dabile

270 777 341 812 sit:
365 788 483 812 causa
507 785 568 812 est
592 778 685 823 quia
709 778 886 824 cogitant
911 778 960 812 de
988 777 1074 812 Deo
1099 788 1147 812 ex
1172 777 1312 821 spatio.
1363 777 1490 811 Aliter
1514 788 1608 812 vero
1635 777 1753 812 iidem

270 835 360 859 cum
378 824 478 859 fiunt
494 825 664 870 spiritus,
682 825 790 870 quod
807 835 855 859 ex
874 825 997 859 multa
1022 823 1263 869 experientia
1288 823 1384 857 mihi
1402 824 1550 868 patuit:
1577 824 1616 858 in
1643 824 1754 869 spiri-

269 871 366 906 tuali
384 871 489 906 enim
507 872 657 906 mundo
670 871 973 906 indeterminata
990 871 1078 906 idea
1096 871 1144 905 de
1165 870 1250 905 Deo
1268 877 1328 905 est
1345 871 1452 905 nulla
1470 871 1558 905 idea
1575 871 1624 905 de
1644 870 1754 916 Ipso;

270 928 390 964 quare
407 918 524 952 datur
541 918 801 953 determinata
818 919 867 952 ad
893 918 1064 963 aliquem
1082 918 1148 963 qui
1173 917 1237 952 vel
1264 917 1302 951 in
1328 918 1410 952 alto
1427 918 1548 956 sedet¹
1567 918 1629 952 vel
1650 918 1753 952 alibi.

270 975 316 999 ac
333 975 520 1009 responsa
545 966 623 999 dat.
675 965 733 999 Ex
759 965 907 999 influxu
932 965 1144 1004 communi,
1163 964 1230 1010 qui
1256 971 1316 999 est
1338 975 1360 999 e
1379 965 1528 999 mundo
1551 964 1753 1009 spirituali,

270 1011 376 1056 apud
390 1011 571 1046 homines
585 1018 764 1057 receptae
777 1018 870 1046 sunt
884 1012 994 1046 ideae
1008 1012 1058 1046 de
1073 1011 1159 1046 Deo
1174 1018 1217 1045 ut
1233 1010 1407 1045 Homine
1417 1011 1523 1046 varie
1537 1012 1754 1046 secundum

271 1065 417 1093 statum
436 1059 717 1103 perceptionis:
735 1059 827 1093 inde
844 1066 904 1093 est
916 1059 1023 1103 quod
1044 1058 1150 1093 Deus
1164 1058 1334 1092 Triunus
1348 1058 1453 1103 apud
1467 1069 1540 1092 nos
1560 1058 1755 1093 Personae

272 1105 545 1145 nominentur;
571 1106 757 1150 quodque
776 1105 883 1139 Deus
902 1105 1020 1140 Pater
1036 1105 1139 1140 sicut
1166 1104 1302 1139 Homo
1320 1105 1521 1150 Antiquus
1540 1105 1692 1139 dierum
1716 1105 1754 1139 in

270 1151 428 1196 templis
446 1151 608 1186 sistatur
625 1151 762 1197 pictus.
815 1151 872 1185 Ex
890 1152 1038 1186 influxu
1057 1151 1258 1186 communi
1277 1152 1395 1186 etiam
1414 1158 1484 1191 est,
1503 1152 1610 1197 quod
1629 1151 1756 1186 homi-

272 1208 343 1232 nes
354 1198 433 1232 vivi
451 1205 491 1232 et
509 1198 688 1233 homines
706 1199 861 1237 mortui,
879 1198 943 1244 qui
958 1197 1083 1233 sancti
1102 1199 1297 1238 dicuntur,
1312 1209 1334 1232 a
1348 1199 1460 1243 plebe
1475 1199 1514 1232 in
1528 1198 1756 1244 gentilismo

272 1243 498 1279 Christiano
515 1245 728 1280 adorentur
740 1252 784 1279 ut
802 1245 867 1285 dii,
882 1252 922 1280 et
938 1245 1045 1290 quod
1064 1245 1260 1290 sculptilia
1274 1256 1408 1279 eorum
1428 1252 1628 1279 amentur:
1650 1245 1757 1280 sirni-

271 1291 362 1325 liter
373 1298 417 1325 ut
430 1292 534 1336 apud
550 1292 679 1336 plures
691 1299 829 1338 gentes
843 1292 955 1332 alibi;
972 1299 1012 1327 et
1030 1303 1188 1337 quoque
1202 1292 1307 1336 apud
1321 1292 1505 1337 antiquos
1524 1292 1563 1326 in
1582 1291 1756 1328 Graecia.

273 1338 312 1372 in
333 1337 470 1378 Roma,
497 1345 536 1372 et
562 1338 601 1372 in
628 1339 735 1378 Asia,
754 1339 897 1384 quibus
922 1339 1053 1384 plures
1078 1339 1132 1373 dii
1159 1338 1329 1378 fuerunt,
1356 1349 1401 1373 ac
1427 1349 1565 1373 omnes
1592 1339 1666 1373 illis
1683 1339 1756 1373 visi

271 1391 364 1419 sunt
387 1385 489 1419 sicut
514 1385 705 1420 homines.
758 1385 867 1420 Haec
888 1384 994 1420 dicta
1018 1392 1121 1425 sunt,
1140 1392 1184 1420 ut
1209 1385 1356 1420 sciatur
1380 1386 1487 1430 quod
1515 1386 1676 1420 insitum
1695 1385 1756 1424 sit,

272 1442 414 1476 nempe
433 1432 471 1465 in
489 1432 628 1477 spiritu
648 1433 828 1472 hominis,
846 1432 974 1467 Deum
998 1439 1043 1467 ut
1062 1432 1277 1467 Hominem
1292 1432 1446 1467 videre:
1473 1432 1634 1467 insitum
1660 1432 1757 1467 dici-

271 1485 337 1512 tur
353 1478 460 1523 quod
478 1485 538 1513 est
555 1490 602 1513 ex
622 1479 770 1513 influxu
788 1479 1000 1515 communi.

351 1601 489 1653 956.
530 1601 607 1640 “Et
623 1614 738 1641 nemo
752 1601 881 1654 potuit
897 1601 1059 1654 ingr-edi
1071 1601 1112 1641 ιή
1135 1601 1555 1654 &malumst—Quod
1585 1601 1753 1653 signifi-

272 1668 345 1703 cet
370 1662 422 1702 id
440 1662 485 1702 in
509 1662 686 1702 obscuro
710 1677 855 1703 coram
880 1663 1108 1711 z‘ntellec‘Ju,
1137 1669 1317 1704 constat
1344 1677 1402 1703 ex
1429 1662 1756 1715 significatione

275 1723 514 1776 “templi‚’‘
528 1724 648 1777 quod
671 1725 729 1764 sit
745 1724 948 1764 Verbum
971 1736 1171 1774 (utsupra);
1203 1725 1306 1764 inde
1329 1738 1408 1777 per
1426 1729 1556 1764 “non
1582 1725 1757 1778 ingredi

272 1785 316 1824 in
333 1785 552 1837 templum
570 1793 752 1838 propter
768 1785 973 1833 fumum,”
991 1785 1267 1838 significatur
1285 1785 1486 1826 Verbum
1505 1787 1548 1826 in
1567 1788 1757 1828 obscuro

273 1861 371 1888 esse
393 1861 542 1888 coram
565 1847 808 1889 intellectu.
870 1847 1004 1900 Quod
1023 1848 1224 1888 Verbum
1247 1849 1290 1888 in
1313 1849 1504 1889 obscuro
1526 1851 1597 1898 sit,
1618 1864 1756 1903 usque

273 1916 323 1950 ut
354 1923 443 1950 non
474 1911 764 1963 intelligatur,
798 1918 866 1951 est
898 1912 1000 1964 quia
1037 1912 1080 1950 in
1114 1910 1203 1951 fine
1234 1911 1452 1951 ecclesiae
1485 1926 1573 1952 non
1610 1913 1758 1966 aliqua

273 1987 378 2014 vera
398 1980 516 2022 sunt,
536 1981 582 2013 et
603 1973 706 2013 inde
728 1974 877 2013 omnia
894 1973 1034 2013 Verbi
1055 1973 1288 2014 falsificata
1307 1988 1316 2024 ;
1344 1988 1478 2027 quare
1502 1976 1757 2028 priusquam

273 2038 467 2090 genuina
491 2051 595 2077 vera
626 2035 807 2077 detecta
837 2043 955 2086 sunt,
980 2037 1181 2078 Verbum
1212 2038 1256 2078 in
1282 2038 1473 2078 obscuro
1504 2045 1575 2080 est
1607 2053 1756 2080 coram

274 2098 520 2140 intellectu.

274 2192 449 2216 ‹continuati›
457 2192 486 2213 de
496 2193 585 2213 Primo
595 2193 748 2218 Praecepta.)

345 2225 543 2272 Quoniam
563 2227 684 2261 homo
709 2237 757 2261 ex
782 2226 982 2261 communi
1010 2226 1159 2261 influxu
1177 2238 1199 2261 e
1216 2227 1326 2262 caelo
1345 2227 1383 2261 in
1403 2227 1540 2272 spiritu
1560 2239 1632 2262 suo
1649 2228 1758 2262 videt

273 2273 380 2318 quod
397 2273 504 2307 Deus
523 2273 658 2308 Homo
675 2273 736 2313 sit,
755 2273 933 2318 sequitur
946 2274 1053 2318 quod
1073 2273 1127 2307 illi
1145 2274 1212 2319 qui
1227 2275 1275 2311 ab
1294 2275 1458 2309 ecclesia
1471 2282 1564 2308 sunt
1581 2275 1647 2308 ubi
1662 2275 1758 2309 Ver-

274 2320 367 2354 bum
386 2326 455 2359 est‚
474 2319 506 2354 si
526 2320 627 2354 mala
652 2327 696 2354 ut
714 2327 874 2364 peccata
899 2319 1056 2366 fugiunt
1081 2327 1121 2354 et
1146 2328 1386 2359 aversantur,
1406 2332 1453 2355 ex
1479 2321 1565 2355 luce
1591 2322 1698 2361 caeli,
1720 2322 1756 2355 in

274 2377 352 2412 qua
368 2373 463 2401 tunc
481 2373 583 2406 sunt,
601 2367 762 2401 videant
782 2367 969 2401 Divinum
989 2367 1027 2400 in
1056 2366 1244 2401 Humano
1272 2367 1443 2405 Domini.
1463 2378 1507 2401 ac
1527 2367 1690 2401 Trinum
1719 2368 1757 2402 in

276 2412 378 2458 Ipso,
393 2420 432 2447 et
452 2412 583 2458 Ipsum
605 2413 731 2447 Deum
751 2413 847 2448 caeli
866 2420 906 2448 et
922 2420 1069 2448 terrae:
1094 2414 1163 2448 sed
1183 2414 1237 2448 illi
1258 2414 1333 2448 hoc
1347 2414 1480 2448 videre
1499 2425 1577 2448 non
1593 2422 1758 2459 possunt

273 2459 340 2505 qui
360 2459 488 2494 ideam
521 2459 593 2494 Dei
620 2467 663 2494 ut
683 2459 868 2494 Hominis
894 2471 963 2505 per
994 2460 1292 2505 intelligentiam
1324 2471 1372 2494 ex
1403 2461 1560 2505 proprio
1586 2462 1690 2506 apud
1717 2472 1758 2496 se

274 2507 571 2547 destruxerunt;
598 2507 638 2540 hi
657 2517 730 2541 nec
746 2507 883 2541 vident
900 2507 1008 2552 quod
1029 2506 1135 2541 Deus
1154 2519 1254 2541 unus
1280 2507 1331 2541 sit
1356 2518 1403 2541 ex
1429 2507 1622 2542 Trinitate
1639 2519 1757 2553 quam

273 2553 471 2599 cogitant;
502 2564 569 2588 ore
588 2554 708 2588 modo
727 2565 848 2587 unum
868 2554 1016 2588 dicunt.
1069 2553 1127 2587 Illi
1147 2561 1277 2588 autem
1298 2554 1363 2598 qui
1384 2565 1462 2588 non
1481 2565 1503 2588 a
1525 2554 1636 2588 malis
1655 2555 1759 2599 puri-

274 2599 378 2634 ficati
397 2606 499 2639 sunt,
518 2607 557 2634 et
576 2600 665 2634 ideo
683 2611 755 2634 nec
774 2600 812 2634 in
830 2601 916 2634 luce
935 2601 1042 2638 caeli,
1059 2601 1096 2634 in
1116 2600 1254 2644 spiritu
1274 2611 1346 2635 suo
1370 2611 1448 2634 non
1466 2600 1603 2635 vident
1624 2600 1759 2636 Domi-

274 2657 368 2680 num
387 2653 431 2680 ut
452 2646 577 2681 Deum
596 2647 692 2681 caeli
707 2654 747 2681 et
759 2654 895 2686 terrae,
910 2647 979 2681 sed
999 2647 1118 2681 alium
1134 2648 1220 2681 loco
1237 2647 1382 2691 Ipsius;
1408 2647 1568 2692 quidam
1588 2648 1757 2692 aliquem

274 2703 391 2737 quem
412 2693 538 2727 Deum
568 2693 724 2728 Patrem
750 2694 926 2733 credunt,
946 2694 1106 2738 quidam
1134 2693 1304 2738 aliquem
1330 2705 1447 2738 quem
1469 2693 1596 2728 Deum
1615 2702 1759 2728 vocant

275 2739 368 2784 quia
393 2740 571 2784 potentia
594 2740 718 2780 valet;
744 2740 904 2785 quidam
930 2740 1100 2785 aliquem
1128 2740 1340 2779 diabolum,
1359 2751 1476 2785 quem
1502 2741 1644 2775 timent
1668 2741 1760 2786 quia

274 2786 666 2830 potestmalefacerffi
684 2786 845 2831 quidam
862 2786 1064 2824 Naturam,
1080 2793 1123 2820 ut
1138 2787 1176 2820 in
1193 2787 1360 2825 mundo:
1378 2794 1418 2821 et
1432 2787 1592 2832 quidam
1609 2788 1758 2821 nullum

280 2831 418 2866 Deum.
470 2831 514 2866 In
544 2833 683 2877 spiritu
713 2843 786 2868 suo
813 2833 966 2871 dicitur,
994 2833 1086 2877 quia
1111 2833 1210 2867 tales
1236 2840 1328 2867 sunt
1356 2841 1444 2878 post
1471 2841 1636 2868 mortem
1664 2835 1758 2868 dum

274 2877 373 2912 fiunt
391 2878 568 2924 spiritus;
594 2890 714 2925 quare
726 2880 832 2925 quod
849 2880 886 2913 in
899 2879 1039 2924 spiritu
1054 2890 1189 2914 eorum
1210 2879 1323 2914 latuit
1343 2880 1380 2914 in
1402 2881 1561 2920 mundo,
1575 2881 1650 2915 hoc
1664 2887 1759 2915 tunc
