1962 3328
634 244 740 278 CAP.
767 244 883 284 XVI„
909 243 1048 276 VERS.
1077 244 1220 287 3.-N.
1246 235 1341 287 965.
1623 245 1731 288 2533

250 356 587 380 (caumas-eumd·
595 355 753 382 huma.)
1043 361 1047 363 ·

320 393 399 441 Qui
411 394 584 429 abstinet
600 404 624 428 a
639 393 887 439 profanando
899 403 1045 427 nomen
1060 392 1147 432 Dei,
1161 392 1239 427 hoc
1251 399 1323 431 est,
1331 391 1582 427 sanctitatem
1597 391 1729 430 Verbi.

250 451 321 487 per
335 448 619 486 contemptum,
633 439 885 485 rejectionem
904 447 946 474 et
961 440 1133 485 aliquam
1150 439 1545 484 blasphemationem,
1562 438 1627 473 ille
1645 439 1734 472 reli-

248 488 409 534 gionem
427 487 567 527 habet:
592 493 632 521 et
645 486 815 532 qualiter
826 486 1008 526 abstinet,
1022 486 1142 520 talem
1162 486 1301 520 habet:
1326 496 1406 519 non
1421 485 1526 519 enim
1540 492 1602 520 est
1615 485 1733 519 alicui

250 534 388 580 religio
402 534 477 568 nisi
493 545 542 568 ex
556 534 806 571 revelatione,
816 543 863 567 ac
875 533 1065 567 revelatio
1077 533 1183 577 apud
1201 543 1274 567 nos
1291 539 1352 567 est
1366 532 1552 566 Verbum.
1598 532 1736 566 Absti-

250 591 343 616 nere
364 591 389 615 a
412 580 659 626 profanando
683 579 933 614 sanctitatem
955 579 1076 614 Verbi
1102 579 1177 614 erit
1201 589 1250 613 ex
1275 579 1405 618 corde,
1424 589 1504 613 non
1530 579 1659 613 solum
1686 589 1735 613 ex

249 638 342 667 ore:
370 627 439 672 qui
459 638 508 662 ex
526 627 657 670 corde,
679 626 734 660 illi
754 637 804 661 ex
824 626 1013 672 religione
1033 626 1192 665 vivunt;
1220 625 1288 671 qui
1309 636 1406 660 vero
1424 625 1553 660 solum
1575 635 1655 664 ore,
1677 625 1735 659 illi

250 684 330 708 non
343 685 393 709 ex
405 673 595 719 religione
609 673 748 707 vivunt
760 685 768 713 ;
794 673 835 707 hi
852 674 958 707 enim
971 673 1172 707 abstinent
1183 673 1247 707 vel
1266 679 1427 717 propter
1438 683 1480 707 se
1493 672 1556 706 vel
1574 678 1736 717 propter

250 721 455 760 mundum,
475 720 569 765 quia
588 720 765 754 Verbum
787 720 950 754 inservit
976 720 1051 754 illis
1076 730 1147 764 pro
1172 720 1305 754 medio
1325 719 1375 753 ad
1402 719 1594 753 honorem
1620 726 1661 753 et
1684 719 1735 752 ad

250 767 423 806 lucrum;
456 767 519 802 vel
547 767 750 801 abstinent
779 777 828 801 ex
857 767 991 812 aliquo
1018 767 1183 801 timore:
1215 766 1285 800 sed
1315 776 1364 800 ex
1393 765 1455 800 his
1484 766 1615 811 plurae
1642 773 1736 800 sunt

250 813 489 860 hypocritae,
507 813 650 859 quibus
667 813 777 848 nulla
793 813 942 859 religio.

892 956 1029 980 VERSUS
1052 956 1084 987 3.

328 1016 469 1069 ⁹⁶⁴·
505 1029 566 1055 “ft
583 1030 727 1056 secundun
741 1031 863 1062 melus
877 1029 981 1062 effudit
991 1030 1120 1061 phialam
1134 1037 1218 1056 cuam
1236 1030 1266 1056 1η
1284 1036 1373 1060 mure.
1389 1031 1421 1056 et
1434 1029 1540 1062 suetus
1554 1030 1601 1055 est
1614 1030 1736 1062 mauis

249 1069 387 1101 tanqum
398 1069 515 1100 nmrtm',¹
532 1071 564 1096 et
574 1070 668 1096 omm's
679 1070 776 1096 anima
790 1070 889 1096 alvens
900 1071 1015 1096 mortua
1026 1072 1074 1096 m
1084 1070 1115 1096 in
1127 1071 1210 1096 mari.
1217 1070 1234 1080 ''

311 1143 345 1167 2.
360 1134 424 1169 Ἐἰ
432 1135 604 1170 secundus
613 1137 758 1179 angelus
767 1136 887 1170 effudit
892 1135 1043 1180 phialam
1052 1146 1153 1170 suam
1163 1137 1199 1170 in
1209 1138 1333 1174 mm‚”
1342 1136 1502 1178 signifiat
1509 1142 1635 1169 statum
1643 1139 1735 1169 eccle-

422 1180 493 1211 siae
505 1181 756 1222 manifestatum
770 1182 884 1223 quoad
893 1181 1089 1223 cfflitiones
1102 1182 1177 1212 veri
1190 1182 1228 1212 in
1244 1182 1403 1213 naturali
1414 1182 1548 1213 homine
1565 1182 1616 1224 [n.
1629 1181 1734 1224 965];

425 1226 484 1256 ‘et
497 1225 612 1257 fadus
623 1227 681 1257 est
692 1224 836 1267 sanquis
848 1227 1008 1268 tanquam
1020 1225 1173 1262 mortui?
1179 1224 1339 1266 signifiat
1353 1226 1444 1267 quod
1453 1226 1735 1268 omnesfalsg'fica-

423 1272 478 1299 tae
486 1269 556 1299 sint
570 1268 620 1311 [n.
631 1268 714 1311 966]
726 1281 735 1307 ;
750 1271 809 1301 “et
818 1270 927 1302 omnis
938 1269 1053 1302 anima
1067 1268 1184 1303 virens
1196 1272 1331 1302 mortua
1343 1272 1400 1302 est
1408 1269 1443 1302 in
1456 1269 1571 1307 mari?
1576 1269 1736 1311 signifieat

423 1312 839 1355 quodnihilexspirituali
845 1313 891 1344 sit
900 1314 937 1344 in
948 1314 1107 1344 naturali
1111 1314 1405 1345 homineaVerbo
1415 1315 1561 1355 amplius
1574 1314 1626 1357 [n.
1636 1313 1734 1356 967]

329 1393 504 1449 [¹¹965.
532 1405 642 1444 [Vers.
654 1406 699 1444 3.]
729 1396 809 1436 “Et
822 1397 1045 1436 secundum
1068 1397 1243 1450 angelus
1264 1397 1407 1437 effudit
1421 1397 1600 1450 phialam
1617 1410 1737 1438 suam

246 1459 289 1498 in
319 1458 670 1511 mare.''—Quod
705 1460 932 1512 significet
965 1467 1134 1501 statum
1166 1461 1370 1502 ecclesiae
1396 1461 1736 1513 manzfestatum

245 1520 396 1572 quoad
409 1521 671 1573 cogm'tz'ones
691 1521 791 1562 veri
807 1521 853 1562 in
874 1522 1078 1562 naturali
1094 1522 1280 1571 homine,
1304 1530 1486 1563 constat
1511 1536 1572 1562 ex
1597 1523 1735 1575 signi-

245 1580 456 1623 ficatione
470 1587 496 1603 “
508 1583 658 1636 angeli
674 1583 943 1625 effundentis
960 1584 1197 1637 phialam,'’
1214 1586 1334 1638 quod
1352 1587 1409 1626 sit
1427 1592 1573 1626 status
1590 1585 1735 1625 eccle-

245 1643 339 1683 siae
368 1644 686 1685 manifestatus
717 1656 883 1693 (utsupra,
898 1665 929 1685 n.
952 1645 1048 1697 960,
1067 1645 1195 1697 961);
1227 1652 1274 1686 et
1304 1660 1366 1686 ex
1396 1645 1735 1699 significatione

248 1706 463 1754 “maris,”
484 1707 605 1760 quod
635 1708 726 1748 sint
757 1709 1016 1748 communia
1040 1709 1136 1748 veri
1164 1709 1210 1748 in
1241 1709 1441 1748 naturali
1472 1709 1660 1748 homine
1682 1720 1738 1755 (de

246 1787 322 1815 qua.
340 1787 373 1808 ιι.
393 1778 487 1821 275,
518 1780 660 1820 342[e],
692 1780 784 1821 511.
812 1770 907 1822 876,
935 1781 1033 1822 931,
1051 1781 1169 1822 934),
1196 1770 1268 1811 hic
1298 1785 1358 1811 ex
1389 1770 1565 1818 Verbo,
1591 1784 1615 1811 e
1645 1784 1736 1823 quo

245 1834 501 1874 communia
530 1835 623 1874 veri
651 1841 755 1875 sunt
787 1836 1101 1887 cognitione53
1142 1836 1249 1876 inde
1280 1849 1360 1888 per
1387 1840 1550 1876 “mare
1562 1836 1582 1850 ”
1599 1836 1735 1889 signi-

245 1895 406 1937 ficatur
435 1897 651 1937 naturalis
680 1897 817 1938 homo
848 1897 996 1950 quoad
1027 1898 1315 1950 cognitiones
1346 1899 1439 1938 veri
1470 1912 1530 1938 ex
1561 1897 1734 1942 Verbo.

246 1964 294 1999 et
332 1972 511 2012 quoque
550 1961 833 2012 cognitiones
872 1960 979 2000 boni
1009 1960 1140 2010 inde3
1177 1973 1281 2000 nam
1313 1961 1600 2013 cognitiones
1630 1961 1736 2001 boni

247 2028 352 2062 sunt
368 2023 504 2062 etiam
527 2024 812 2075 cognitiones
832 2024 938 2071 veri,
954 2024 1066 2063 scire
1086 2024 1205 2063 enim
1229 2024 1348 2076 quod
1369 2024 1453 2064 hoc
1478 2024 1642 2064 bonurn
1663 2025 1734 2070 sit,

246 2090 294 2125 et
313 2084 434 2137 quod
455 2084 547 2125 tale
569 2085 750 2132 bonum,
769 2092 838 2126 est
855 2099 1006 2126 verum
1025 2100 1035 2135 3
1067 2092 1163 2126 tum
1186 2084 1423 2126 intellectu
1444 2087 1598 2127 videre
1616 2088 1737 2127 varia

246 2148 380 2196 bona,
411 2154 458 2188 et
494 2161 647 2188 eorum
684 2148 971 2196 differentias,
1009 2155 1056 2189 et
1096 2162 1272 2201 quoque
1309 2149 1484 2189 illorum
1527 2150 1736 2201 opposita

246 2223 359 2264 quae
380 2218 599 2251 vocantur
624 2211 755 2259 mala,
774 2218 994 2264 quatenus
1019 2219 1122 2251 sunt
1148 2213 1450 2264 cognitiones,
1474 2220 1579 2252 sunt
1604 2227 1735 2263 vera;

246 2286 330 2314 nec
354 2280 459 2314 sunt
484 2273 784 2314 essentialiter
808 2274 928 2314 bona
953 2274 1036 2314 nisi
1061 2275 1167 2314 dum
1194 2275 1451 2314 sentiuntur
1473 2281 1520 2315 ut
1540 2274 1736 2326 jucunda

246 2341 327 2376 aut
351 2349 440 2376 non
453 2335 662 2388 jucunda,
681 2337 745 2377 ita
770 2336 875 2376 dum
901 2337 1205 2389 percipiuntur
1230 2337 1380 2390 aliquo
1406 2350 1553 2385 sensu,
1572 2350 1650 2377 seu
1675 2351 1735 2378 ex

246 2397 397 2452 aliquo
417 2411 582 2439 amore.

248 2496 365 2533 Nunc
380 2498 559 2544 sequitur

246 2583 442 2612 TERTIUM
477 2584 773 2618 PRAECEPTUM,
806 2585 928 2618 QUOD
965 2585 1051 2618 EST,
1085 2586 1143 2613 UT
1178 2584 1551 2612 SANCTIFICARENT
1585 2585 1737 2614 SABBA·

923 2633 1064 2660 THUM.

317 2702 495 2739 Tertium
526 2710 566 2739 et
591 2711 774 2750 quartum
805 2715 943 2749 praece
973 2711 1058 2738 tum
1089 2704 1267 2749 decalogi
1296 2705 1506 2739 continent
1537 2705 1602 2739 illa
1632 2716 1733 2750 quae

249 2749 428 2784 facienda
443 2758 546 2790 sunt,
566 2762 707 2796 nempe
724 2752 832 2796 quod
857 2762 926 2786 san
972 2751 1183 2785 ificandum
1210 2751 1261 2785 sit
1279 2749 1536 2790 sabbathum,
1556 2759 1596 2786 et
1620 2752 1728 2797 quod

249 2796 469 2831 honorandi
487 2797 567 2831 sint
585 2805 785 2842 parentes;
811 2798 960 2842 reliqua
974 2805 1182 2842 praecepta
1198 2798 1405 2832 continent
1423 2808 1523 2842 quae
1538 2809 1618 2833 non
1637 2798 1730 2832 faci-

248 2843 362 2882 enda„
387 2853 530 2888 nempe
554 2844 663 2888 quod
690 2854 769 2878 non
795 2845 950 2879 colendi
977 2845 1042 2878 alii
1069 2844 1134 2883 dii,
1162 2855 1241 2878 non
1268 2843 1556 2889 profanandum
1584 2855 1729 2879 nomen

250 2887 336 2930 Dei,
361 2899 441 2925 non
466 2889 686 2931 furandum,
714 2901 793 2926 non
818 2891 1134 2931 adulterandum,
1161 2901 1241 2926 non
1267 2890 1362 2926 false
1388 2892 1628 2932 testandum,
1648 2902 1728 2926 non
