1962 3328
203 244 316 287 2514
617 244 950 278 APOCALYPSIS
982 245 1280 278 EXPLICATA.

830 391 966 415 vERsus
991 391 1019 423 7,
1038 384 1067 416 8.

281 458 415 502 ⁹53⁶
454 464 472 476 ¹¹
481 463 515 489 ft
527 471 612 489 unum
625 464 661 490 de
671 466 795 497 quatuor
804 464 981 490 animalibus
991 464 1072 490 dedit
1081 466 1193 496 septem
1204 464 1316 496 anyelis
1326 466 1438 496 septem
1448 464 1565 497 phialas
1577 472 1693 496 aureas.

200 502 304 532 plenas
323 503 368 528 Ira
388 503 438 529 Dei
456 503 578 529 viventi-s
597 504 625 529 in
645 505 763 530 saecula
783 505 972 530 saeculoram.
1011 503 1045 529 Εΐ
1063 504 1211 536 impletum
1230 506 1278 530 est
1295 505 1431 535 templum
1448 504 1530 536 fumo
1549 512 1585 531 ex
1603 505 1695 537 yloria

200 538 252 564 Dei
269 541 299 565 et
317 547 352 566 ex
369 541 476 567 virtute
492 541 594 572 ipsius,
611 543 642 567 et
655 549 738 568 nemo
753 542 849 574 potuit
862 542 976 574 inqredi
990 542 1020 568 ln
1035 542 1173 574 templum
1192 543 1282 568 donee
1295 545 1565 568 consummarentur
1583 544 1695 575 septem

200 578 304 610 playae
319 580 431 610 septem
445 580 643 611 anyelorum.''

247 650 277 684 7.
311 643 374 677 “ft
389 653 491 677 unam
508 645 550 678 de
566 648 712 688 quatuor·
724 645 927 679 animalibus
940 645 1033 679 dedit
1043 649 1174 689 septem
1187 645 1319 689 angelis
1334 649 1466 689 septem
1479 645 1616 690 phialas
1631 656 1695 680 aa·

379 698 461 722 reas
474 690 597 732 plenas
614 690 666 722 ira
683 690 746 723 Dei
762 689 906 723 viventis
929 690 962 723 in
986 691 1127 724 saecula
1143 691 1387 729 saeculorum,''
1403 690 1564 732 significat
1587 693 1696 722 mani-

366 734 495 778 fistata
512 745 533 764 a
549 734 697 765 Domino
712 739 778 776 per
793 735 967 766 Divinum
995 735 1114 766 Verum
1137 746 1192 766 seu
1218 735 1357 766 Verbum
1380 736 1494 766 omnia
1501 736 1597 778 falsa
1614 736 1700 768 mali

377 789 464 819 quae
478 779 718 809 destruxerunt
732 779 840 810 vitam
855 780 1065 820 spiritualem
1081 779 1256 811 hominum
1273 780 1419 811 ecclesiae
1445 779 1495 823 [n.
1510 789 1530 820 9
1533 779 1607 822 54].

246 836 278 868 8.
312 836 375 871 “Et
389 837 563 881 impletam
580 841 635 872 esi
651 839 811 881 templum
830 840 923 872 fumo
940 849 981 872 ex
994 838 1105 882 glot-ia
1119 839 1182 872 Dei
1195 842 1231 872 et
1245 839 1369 873 vir-tute
1386 839 1526 883 ipsius,''
1538 839 1698 881 significat

377 882 553 914 Divinum
580 883 699 914 Verum
723 894 778 914 seu
805 884 943 914 Verbum
967 884 1005 914 in
1028 895 1124 915 sensu
1141 885 1297 915 naturali
1319 885 1357 915 in
1370 886 1441 916 luce
1456 885 1642 926 etpotentz'a
1657 895 1699 915 ex

378 926 514 958 Divino
539 927 618 959 Vero
642 928 678 958 in
695 938 791 958 sensu
811 928 986 969 ,spirituali
1006 927 1055 970 [n.
1073 928 1177 970 955];
1204 931 1261 961 “et
1274 937 1371 961 nemo
1384 927 1498 971 potuit
1510 927 1644 972 ingredi
1663 928 1698 962 in

379 972 569 1013 templum,''
585 971 746 1012 significat
769 972 809 1003 id
828 973 866 1003 in
890 972 1022 1003 obscuro
1046 983 1157 1003 coram
1182 973 1349 1004 intellec‘lu
1376 972 1423 1015 [n.
1441 971 1545 1015 956];
1572 972 1699 1005 “donec

380 1018 699 1048 consummarentur
722 1018 853 1059 septem
874 1017 999 1058 playae
1022 1019 1153 1059 septem
1177 1017 1402 1059 anqeloraml'
1425 1016 1585 1058 significat
1608 1021 1698 1048 ante-

379 1070 480 1101 quam
501 1061 591 1091 mala
610 1065 641 1091 et
651 1060 750 1102 salsa
768 1063 887 1103 reyec‘la
903 1066 994 1099 sunt,
1010 1066 1041 1092 el
1063 1061 1117 1092 illi
1130 1061 1191 1103 qui
1206 1062 1243 1092 in
1260 1062 1302 1092 iis
1317 1062 1455 1104 cory’ec‘li
1470 1062 1506 1093 in
1523 1061 1699 1104 infernum

383 1104 434 1147 [¹1·
451 1103 548 1146 957]-

282 1199 418 1243 954.
453 1200 559 1238 [Vers.
576 1201 620 1239 7.]
661 1190 738 1230 “Et
756 1204 874 1230 unum
894 1191 943 1231 de
964 1195 1140 1244 qaatuon
1160 1191 1396 1231 animalibus
1416 1191 1526 1231 dedit
1542 1194 1696 1244 sepiem

204 1252 364 1305 anyelis
383 1256 537 1305 sepiem
562 1253 724 1305 phialas
749 1266 902 1294 aureas
921 1255 1067 1306 plenas
1087 1254 1151 1293 im
1172 1254 1249 1293 Dei
1266 1254 1428 1294 viventis
1456 1254 1496 1293 in
1525 1254 1697 1294 saecula

203 1314 698 1368 saeculorum.''—Quod
718 1315 943 1369 significet
961 1317 1257 1368 manifestata
1271 1331 1298 1357 a
1314 1317 1503 1357 Domino
1515 1323 1597 1369 per
1611 1317 1697 1358 Di-

204 1377 355 1416 vinum
393 1376 551 1417 Verum
576 1391 650 1417 seu
684 1377 869 1418 Verbum
895 1378 1040 1418 omnia
1050 1378 1184 1429 falsa
1205 1378 1317 1418 mali
1334 1393 1444 1431 quae
1467 1379 1697 1419 destruxe—

204 1446 310 1479 runt
325 1440 464 1480 vitam
482 1440 762 1492 spiritualem
783 1440 1005 1481 hominum
1021 1440 1230 1489 ecclesiae,
1249 1447 1428 1481 constat
1452 1455 1510 1481 ex
1531 1441 1697 1494 signifi-

203 1502 385 1541 catione
404 1506 428 1522 “
442 1508 637 1555 quatuor
655 1502 961 1550 animalium‚''
976 1503 1097 1556 quod
1116 1503 1206 1542 sint
1225 1502 1403 1542 caelum
1419 1503 1629 1543 intimum
1645 1513 1700 1551 (de

203 1581 269 1608 qua
283 1571 417 1610 [supra]
433 1581 463 1601 n.
479 1572 626 1614 277[a],
643 1573 735 1613 322.
748 1561 863 1612 462),
883 1568 928 1602 et
951 1563 1072 1615 quod
1091 1562 1217 1610 fflsint
1236 1562 1442 1602 Verbum
1460 1573 1505 1610 (n.
1522 1572 1669 1615 717[c])
1688 1577 1697 1613 3

207 1623 394 1675 proinde
428 1623 649 1664 Dominus
681 1623 828 1676 quoad
866 1624 1039 1664 caelum
1077 1630 1122 1664 et
1163 1624 1310 1677 quoad
1341 1623 1559 1672 Verbum,
1593 1638 1698 1664 nam

205 1686 380 1727 caelum
408 1694 476 1727 est
500 1687 673 1727 caelum
697 1701 723 1727 a
750 1686 958 1735 Domino,
984 1687 1186 1727 similiter
1209 1687 1438 1737 Verbum;
1472 1701 1531 1727 ex
1557 1688 1695 1740 signi-

204 1749 413 1790 ficatione
449 1754 662 1802 “septem
695 1749 998 1802 angelorum‚”
1032 1751 1150 1803 quod
1190 1751 1278 1790 sint
1311 1750 1699 1791 manifestationes

205 1824 285 1863 per
311 1810 524 1851 Divinum
548 1811 719 1851 Verum
747 1825 824 1851 seu
842 1811 1047 1851 Verbum
1076 1822 1244 1859 (utsupra,
1261 1831 1291 1851 n.
1316 1822 1442 1863 949);
1474 1825 1532 1851 ex
1559 1811 1698 1863 signi-

206 1872 416 1913 ficatione
453 1877 670 1925 “septem
710 1873 997 1926 phialarum‚'’
1031 1874 1149 1926 quod
1182 1874 1270 1913 sint
1311 1874 1462 1913 omnia
1497 1872 1609 1913 falsa
1653 1879 1699 1913 et

206 1936 338 1984 mala,
368 1949 445 1988 per
466 1940 490 1956 “
507 1943 682 1988 septem
709 1936 911 1989 phialas''
929 1937 1046 1976 enim
1071 1936 1228 1977 similia
1255 1936 1563 1989 significantur
1585 1950 1698 1989 quae

207 2013 284 2052 per
310 2003 523 2052 “septem
557 2000 714 2052 plagas
727 2000 744 2014 ''
774 1999 906 2054 (vers.
928 2000 990 2053 6),
1021 2013 1181 2053 nempe
1215 2000 1335 2039 mala
1366 2006 1411 2040 et
1444 1999 1547 2039 inde
1572 1998 1698 2047 falsa,

206 2075 257 2101 ac
281 2060 392 2101 falsa
418 2067 463 2101 et
489 2061 593 2101 inde
618 2061 739 2101 mala
762 2073 921 2110 (videatur
935 2081 1040 2109 supra.
1057 2081 1088 2101 n.
1109 2072 1234 2113 949):
1268 2074 1383 2114 quae
1404 2060 1605 2113 “plenae
1635 2060 1700 2099 ira.

207 2122 293 2162 Dei
319 2123 510 2162 viventis
536 2123 578 2162 in
606 2123 784 2171 saecula
815 2122 1126 2163 saeculorum''
1153 2123 1374 2170 dicuntur,
1402 2122 1504 2174 quia
1536 2121 1697 2161 devas-

207 2192 309 2226 tant
343 2186 594 2233 ecclesiam,
623 2200 673 2226 ac
716 2186 953 2226 destruunt
986 2187 1124 2226 vitam
1158 2185 1434 2237 spiritualem
1466 2185 1699 2226 hominum

207 2248 451 2299 ecclesiae;
494 2249 603 2289 haec
647 2257 751 2290 sunt
793 2263 904 2302 quae
945 2247 1252 2301 significantur
1284 2261 1361 2300 per
1395 2248 1541 2287 “iram
1578 2247 1700 2287 Dei.'’

207 2312 282 2352 Ex
309 2312 375 2352 his
403 2319 610 2352 constare
638 2319 789 2364 potest
817 2312 935 2366 quod
968 2326 1046 2365 per
1072 2311 1190 2364 quod
1217 2315 1394 2351 “unum
1423 2311 1479 2351 de
1511 2316 1701 2364 quatuor

176 2368 473 2415 ⁷animalibus
505 2375 679 2415 dederit
712 2382 888 2428 septem
925 2375 1099 2427 angelis
1132 2381 1306 2427 septem
1339 2373 1511 2426 phialas
1543 2373 1700 2426 plenas

208 2439 270 2477 ira
304 2438 388 2478 Dei
419 2439 611 2478 viventis
643 2439 685 2477 in
719 2438 898 2479 saecula
930 2437 1249 2485 saeculorum‚''
1272 2436 1547 2489 significetur
1577 2437 1698 2489 quod

210 2501 497 2541 manifestata
515 2502 604 2541 sint
630 2515 656 2540 a
674 2501 869 2541 Domino
887 2514 964 2553 per
982 2500 1193 2539 Divinum
1211 2499 1380 2539 Verum
1399 2513 1475 2539 seu
1495 2499 1698 2539 Verbum

210 2564 360 2603 omnia
386 2563 496 2603 falsa
519 2563 623 2603 mali
650 2577 763 2617 quae
791 2563 1113 2603 destruxerunt
1139 2563 1279 2602 vitam
1306 2561 1583 2614 spiritualem
1617 2561 1700 2603 ho-

209 2627 377 2665 minum
404 2626 632 2667 ecclesiae.
695 2625 828 2678 Quod
849 2624 1093 2679 “phialae''
1111 2624 1317 2665 dicantur
1339 2638 1418 2676 pro
1444 2624 1602 2677 plagis,
1628 2631 1700 2665 est

155 2728 157 2730 .
209 2689 310 2741 quia
350 2688 525 2740 phialae
567 2695 669 2729 sunt
702 2689 995 2737 continentia,
1031 2694 1076 2728 et
1115 2687 1275 2740 plagae
1308 2692 1539 2735 contenta,
1568 2700 1619 2727 ac
1657 2688 1701 2727 in

208 2751 364 2791 Verbo
391 2751 678 2804 utplurimum
703 2751 984 2792 continentia
1009 2750 1216 2790 dicuntur
1234 2764 1313 2803 pro
1335 2750 1578 2797 contentis,
1600 2750 1702 2802 quia

210 2815 490 2855 continentia
515 2821 618 2855 sunt
646 2815 815 2862 ultima,
844 2820 891 2854 ut
918 2827 1073 2854 sensus
1100 2813 1277 2853 litterae
1300 2812 1439 2853 Verbi
1466 2813 1509 2852 in
1533 2812 1702 2852 ultimis

210 2878 293 2928 sit;
327 2877 530 2918 similiter
555 2878 627 2917 ubi
657 2876 856 2930 “pocula
871 2876 888 2891 ’'
915 2883 960 2917 et
990 2875 1219 2916 “calices’'
1246 2875 1452 2916 dicuntur
1477 2888 1557 2927 pro
1582 2875 1699 2915 vino.
