1962 3328
326 281 438 323 2680
738 292 1065 325 APOCALYPSIS
1097 294 1397 328 EXPLICATA.

325 403 475 438 ultimis
509 403 588 437 sint
613 403 747 438 omnia
773 404 887 439 simul
916 404 953 438 in
975 416 1047 439 suo
1069 406 1217 446 ordine,
1237 417 1336 452 quae
1364 407 1401 441 in
1424 407 1562 443 ordine
1587 410 1811 445 successivo

325 450 573 484 exstiterunt.
625 450 740 485 Nunc
758 452 849 496 quia
867 452 1001 486 omnia
1027 453 1228 496 superiora
1254 464 1294 488 se
1313 461 1509 498 reponunt
1537 455 1574 489 in
1602 455 1745 491 infimis
1773 457 1810 490 in

325 496 464 530 ordine
483 497 729 536 simultaneo,
749 499 927 542 sequitur
944 500 1048 543 quod
1071 499 1109 532 in
1131 499 1280 534 ultimis
1298 500 1428 540 Verbi,
1447 512 1546 546 quae
1565 509 1656 536 sunt
1674 514 1812 538 sensus

326 543 480 577 litterae
499 544 593 588 ejus,
613 544 692 578 sint
710 546 843 579 omnia
869 544 1000 579 Divini
1020 545 1112 579 Veri
1139 557 1183 580 ac
1211 546 1341 581 Divini
1363 547 1463 581 Boni
1490 559 1612 594 usque
1633 560 1656 583 a
1677 549 1812 594 primis

325 600 484 624 eorum:
512 598 551 624 et
569 590 661 635 quia
680 591 813 625 omnia
833 591 965 626 Divini
985 592 1077 626 Veri
1096 599 1134 627 et
1156 592 1287 627 Divini
1309 593 1409 628 Boni
1433 595 1470 628 in
1497 595 1638 630 ultimo
1663 607 1810 635 eorum.

325 638 432 681 quod
451 644 511 671 est
530 648 666 671 sensus
685 638 839 672 litterae
858 639 987 677 Verbi,
1007 639 1122 673 simul
1142 647 1243 678 sunt,
1263 647 1371 684 patet
1397 641 1501 686 quod
1531 642 1581 676 ibi
1601 642 1651 676 sit
1679 642 1810 677 Divini

326 683 419 718 Veri
447 684 635 728 potentia,
659 684 781 719 immo
806 685 1098 730 omnipotentia
1125 685 1284 720 Domini
1313 687 1350 721 in
1377 688 1564 723 salvando
1591 689 1811 728 hominem:

328 729 523 765 Dominus
550 731 654 764 enim
681 742 770 765 cum
797 739 992 776 operatur,
1013 743 1091 767 non
1118 740 1303 778 operatur
1327 745 1350 768 a
1376 735 1509 779 primis
1535 746 1604 780 per
1621 736 1750 770 media
1772 736 1810 770 in

326 777 473 816 ultima,
493 778 560 811 sed
581 789 603 811 a
618 778 752 822 primis
771 790 840 823 per
858 779 995 813 ultima
1009 787 1047 813 et
1062 780 1117 814 sic
1137 780 1174 813 in
1191 781 1338 820 media:
1366 781 1455 816 inde
1470 789 1530 816 est
1547 782 1652 827 quod
1674 782 1810 817 Domi-

326 835 398 858 nus
418 824 455 857 in
472 824 603 858 Verbo
622 824 776 859 dicatur
796 825 950 860 Primus
969 833 1008 860 et
1029 826 1220 866 Ultimus;
1246 834 1286 861 et
1305 827 1394 862 inde
1414 835 1472 863 est
1490 829 1596 873 quod
1617 829 1810 865 Dominus

325 871 580 915 assumpserit
609 870 849 911 Humanum,
868 873 975 917 quod
1004 873 1041 906 in
1070 874 1218 908 mundo
1251 874 1326 908 fuit
1354 874 1540 909 Divinum
1567 875 1715 910 Verum
1742 887 1809 910 seu

325 916 511 957 Verbum,
531 925 570 952 et
589 919 694 963 quod
716 919 810 952 illud
830 930 953 964 usque
972 920 1020 954 ad
1040 920 1188 959 ultima,
1209 931 1308 965 quae
1327 929 1418 956 sunt
1436 933 1526 956 ossa
1542 929 1582 956 et
1607 933 1708 962 caro,
1727 923 1810 969 glo-

326 964 545 1004 rificaverit,
565 973 725 1010 propter
743 966 859 1000 finem
889 974 931 1000 ut
958 968 1110 1012 operari
1138 974 1270 1012 posset
1296 979 1318 1002 a
1345 969 1479 1013 primis
1506 980 1574 1014 per
1599 969 1738 1004 ultima
1762 981 1810 1004 ex

326 1010 387 1051 Se,
407 1018 446 1045 et
465 1022 543 1045 non
564 1019 606 1046 ut
625 1012 731 1057 prius
749 1023 797 1047 ex
817 1013 987 1048 homine.
1041 1014 1149 1048 Haec
1169 1015 1346 1058 potentia
1365 1015 1401 1048 in
1418 1015 1566 1050 ultimis
1586 1027 1810 1060 repraesen-

324 1065 407 1093 tata
425 1065 485 1092 est
504 1069 573 1103 per
590 1059 718 1094 crines
737 1061 839 1104 apud
869 1060 1090 1100 Naziraeos,
1110 1068 1152 1095 ut
1178 1061 1281 1106 apud
1314 1061 1546 1102 Simsonem,
1567 1073 1655 1096 nam
1683 1063 1810 1098 crines

325 1106 635 1150 correspondent
662 1106 810 1141 ultimis
840 1107 970 1141 Divini
993 1107 1097 1142 Veri.
1151 1107 1259 1142 Haec
1281 1119 1438 1153 quoque
1459 1119 1575 1144 causa
1599 1116 1681 1143 erat
1702 1110 1808 1154 quod

324 1152 497 1196 antiquis
515 1153 760 1197 temporibus
775 1154 947 1188 dedecus
965 1154 1082 1188 fuerit
1101 1154 1284 1189 inducere
1310 1155 1518 1190 calvitiem.
1569 1155 1685 1202 Quod
1700 1157 1808 1201 pueri

324 1199 390 1244 qui
413 1199 607 1234 Elisaeum
627 1201 822 1234 vocabant
840 1201 1006 1240 calvum,
1022 1202 1070 1235 ab
1089 1202 1188 1236 ursis
1207 1202 1393 1247 discerpti
1412 1202 1567 1242 fuerint,
1583 1209 1665 1238 erat
1682 1214 1808 1243 causa,

324 1246 416 1290 quia
440 1245 613 1282 Elisaeus
639 1254 679 1281 et
707 1247 810 1282 Elias
833 1249 1178 1292 repraesentabant
1196 1248 1381 1288 Verbum,
1401 1256 1440 1284 et
1462 1249 1636 1284 Verbum
1662 1251 1809 1295 absque

324 1304 439 1327 sensu
461 1293 624 1331 litterae,
644 1295 750 1338 quod
770 1302 829 1329 est
847 1295 949 1329 sicut
963 1302 1081 1339 caput
1099 1296 1246 1340 absque
1265 1295 1447 1335 crinibus,
1463 1303 1522 1331 est
1540 1297 1687 1341 absque
1701 1297 1808 1331 omni

325 1340 511 1384 potentia,
531 1347 570 1375 et
589 1341 644 1375 sic
663 1352 741 1375 non
760 1342 927 1386 amplius
946 1342 1141 1382 Verbum;
1169 1342 1277 1376 “ursi
1290 1342 1309 1353 ’'
1327 1342 1548 1388 significant
1570 1343 1657 1378 illos
1675 1344 1741 1389 qui
1762 1355 1810 1378 ex

326 1387 474 1421 ultimis
504 1387 584 1421 veri
613 1388 650 1421 in
687 1389 827 1422 robore
857 1396 959 1423 sunt.
1013 1389 1199 1423 Potentia
1224 1389 1342 1423 Verbi
1371 1390 1408 1423 in
1434 1401 1551 1424 sensu
1580 1390 1732 1425 litterae
1751 1398 1810 1425 est

325 1434 503 1478 potentia
528 1435 728 1478 aperiendi
756 1435 919 1474 caelum,
939 1447 985 1470 ex
1005 1447 1083 1481 quo
1110 1436 1154 1470 fit
1179 1435 1486 1471 communicatio
1511 1444 1550 1471 et
1568 1436 1809 1482 conjunctio,

324 1487 462 1525 estque
482 1482 660 1526 potentia
687 1483 887 1527 pugnandi
915 1490 1052 1517 contra
1078 1482 1174 1517 falsa
1200 1490 1239 1516 et
1266 1483 1376 1522 mala,
1397 1483 1450 1517 ita
1475 1491 1613 1518 contra
1639 1483 1810 1519 inferna:

325 1528 446 1562 homo
464 1528 529 1573 qui
550 1528 586 1561 in
606 1529 787 1573 genuinis
802 1530 902 1564 veris
917 1541 964 1564 ex
983 1541 1097 1564 sensu
1114 1529 1269 1564 litterae
1281 1530 1398 1564 Verbi
1418 1537 1488 1569 est,
1505 1537 1636 1575 potest
1650 1541 1807 1565 omnem

324 1575 479 1609 turbam
516 1575 760 1615 diabolicam,
796 1583 836 1610 et
870 1587 1005 1610 eorum
1040 1584 1155 1616 artes,
1192 1576 1230 1610 in
1268 1577 1410 1621 quibus
1445 1577 1663 1622 potentiam
1697 1588 1807 1612 suam

324 1628 487 1666 ponunt,
503 1633 602 1667 quae
623 1622 926 1658 innumerabiles
941 1630 1043 1663 sunt,
1058 1635 1126 1668 per
1138 1624 1261 1658 solam
1278 1623 1529 1658 intuitionem
1545 1631 1583 1658 et
1598 1636 1667 1669 per
1681 1625 1807 1658 nisum

323 1669 539 1703 voluntatis
559 1677 762 1704 momento
781 1670 961 1715 disjicere
988 1678 1027 1704 et
1053 1670 1253 1715 dissipare.
1307 1670 1349 1704 In
1370 1682 1532 1710 summa,
1552 1671 1590 1705 in
1617 1671 1808 1716 spirituali

324 1716 473 1750 mundo
493 1715 590 1749 nihil
613 1716 792 1751 resistere
815 1723 947 1762 potest
972 1717 1153 1763 genuinis
1172 1717 1274 1752 veris
1300 1728 1347 1752 ex
1374 1729 1489 1752 sensu
1516 1718 1669 1753 litterae
1689 1718 1807 1768 Verbi

323 1762 575 1798 confirmatis.

394 1859 558 1912 1087.
594 1859 756 1899 “Donec
777 1863 1106 1899 consummentur·
1123 1860 1241 1900 vet-ba
1262 1860 1565 1912 aelst—Quod
1583 1860 1806 1913 significet

323 1936 458 1975 usque
487 1924 551 1963 ad
571 1923 770 1963 ultimum
794 1929 959 1964 statum
984 1924 1192 1972 ecclesiae,
1216 1938 1310 1964 cum
1324 1924 1559 1978 judicium,
1586 1931 1628 1965 et
1650 1931 1808 1977 postea

324 1999 494 2033 novum,
529 1993 708 2026 constat
746 2001 803 2026 ex
837 1986 1163 2039 significatione
1198 1987 1570 2035 “consummari,’'
1601 1988 1719 2040 quod
1750 1989 1806 2028 sit

323 2047 456 2088 finem
485 2049 662 2096 habere,
687 2050 729 2088 in
757 2051 904 2101 specie
931 2049 1035 2089 dum
1062 2063 1151 2089 non
1178 2049 1357 2102 aliquod
1385 2050 1551 2091 bonum
1583 2057 1627 2090 et
1654 2064 1806 2090 verum

323 2109 551 2152 doctrinae
578 2118 623 2152 et
647 2113 764 2152 vitae
791 2112 980 2164 amplius
1006 2119 1221 2164 superest,
1246 2113 1308 2152 ita
1334 2126 1433 2152 cum
1457 2113 1636 2153 ultimus
1662 2119 1807 2153 status

325 2172 546 2212 ecclesiae
569 2179 638 2212 eSt
658 2187 665 2222 ;
699 2184 800 2220 (quod
817 2184 1050 2212 consummatio
1065 2184 1219 2220 significet
1233 2184 1378 2212 ultimum
1395 2188 1510 2213 statum
1527 2184 1687 2219 ecclesiae,
1703 2185 1808 2213 videa-

322 2241 374 2264 tur
390 2235 523 2273 [supra,]
542 2245 571 2265 n.
587 2225 731 2275 624[b].
748 2237 796 2277 91
812 2237 825 2265 1
844 2237 865 2273 2)
896 2232 942 2266 et
965 2227 1067 2279 quia
1090 2239 1190 2266 cum
1214 2226 1397 2266 ultimus
1419 2232 1567 2266 status
1585 2227 1806 2267 ecclesiae

323 2292 408 2334 est,
423 2287 546 2327 venit
565 2286 768 2326 ultimum
782 2286 1008 2338 judicium,
1025 2295 1070 2327 et
1090 2294 1191 2339 post
1207 2287 1314 2326 illud
1331 2301 1446 2327 nova
1463 2287 1651 2327 ecclesia
1668 2301 1693 2327 a
1712 2288 1804 2327 Do-

324 2349 444 2389 mino
471 2349 754 2396 instauratur,
779 2349 881 2389 ideo
908 2362 985 2400 per
1010 2350 1345 2389 “consummari
1361 2347 1379 2363 ’¹
1402 2349 1677 2402 significatur
1702 2350 1805 2390 ulti-

323 2424 419 2450 mus
452 2418 596 2451 status
621 2411 851 2459 ecclesiae,
876 2412 980 2451 dum
1003 2411 1228 2464 judicium,
1257 2418 1302 2452 et
1330 2419 1487 2465 postea
1519 2425 1712 2462 novum;
1745 2427 1804 2453 ex

322 2473 648 2526 significatione
677 2474 950 2514 “verborum
985 2474 1106 2521 Dei,''
1133 2474 1251 2527 quod
1284 2475 1372 2514 sint
1405 2472 1730 2526 praedictiones
1761 2475 1805 2514 in

323 2536 504 2585 Verb0;
548 2550 682 2588 quare
721 2550 799 2588 per
833 2537 1169 2576 “consummari
1201 2537 1337 2576 verba
1362 2536 1501 2584 ·Dei,’‘
1532 2536 1806 2588 significatur

323 2611 422 2638 cum
450 2597 775 2651 praedictiones
807 2599 1019 2650 impletae
1052 2604 1168 2638 sunt.
1230 2597 1363 2650 Quod
1395 2599 1569 2639 dicatur
1593 2600 1711 2652 quod
1743 2599 1804 2640 illi

323 2661 396 2713 qui
424 2674 501 2712 per
526 2661 724 2700 “decem
746 2674 912 2701 cornua
934 2661 1103 2701 bestiae
1116 2661 1134 2675 '¹
1152 2660 1470 2713 significantur,
1493 2661 1804 2702 “devastaturi

322 2724 410 2763 sint
438 2724 733 2770 meretricem,
758 2737 914 2763 carnes
940 2723 1032 2775 ejus
1059 2724 1289 2770 comesuri,
1314 2731 1360 2763 et
1392 2723 1513 2763 illam
1545 2725 1648 2776 igne
1680 2738 1802 2764 com-

322 2785 530 2833 busturi‚'’
553 2792 598 2825 et
631 2785 748 2838 quod
779 2786 961 2825 “daturi
988 2786 1075 2825 sint
1102 2799 1288 2837 regnum
1315 2786 1500 2834 bestiae,
1528 2799 1664 2840 usque
1697 2787 1802 2827 dum

322 2854 690 2888 consummentur
721 2848 856 2887 verba
890 2847 1010 2895 Dei‚”
1042 2854 1110 2887 est
1148 2849 1248 2900 quia
1285 2855 1389 2888 tunc
1427 2848 1488 2889 illi
1521 2850 1592 2902 qui
1624 2862 1800 2901 prorsus

322 2917 600 2950 recesserunt
627 2924 652 2950 a
680 2909 940 2962 Babylonia,
966 2923 1015 2950 ac
1049 2909 1140 2962 ejus
1167 2910 1350 2962 profana
1376 2910 1636 2963 rejecerunt,
1663 2912 1798 2952 etiam
