1962 3328
10 1990 13 1993 ,
15 1967 18 1970 ἢ
0 1857 12 1921 ,νιπ-
0 1311 18 1843 -ι--Ὕξ-μψψψηφ-μηνς-,ψς-..ῃ-
2 1293 6 1298 ,
0 1272 3 1281 -
0 1229 5 1247 ,.
0 1188 3 1210 s.
0 1159 5 1172 ,,

25 1717 32 1724 .

827 266 989 299 CAPUT
1020 265 1122 298 xw.
1600 263 1711 308 2521

230 380 459 429 thronum
493 379 696 433 bestiae,
721 389 772 426 et
806 377 985 426 saelum
1021 387 1100 424 est
1122 393 1331 440 regnum
1356 376 1462 439 ejus
1485 375 1713 423 tenebro-

229 474 352 511 sum,
377 468 427 505 et
450 457 746 504 mandebant
769 455 959 518 linguas
977 471 1091 500 suas
1115 470 1231 515 prae
1249 451 1483 499 molestia.

302 556 320 587 1
337 556 374 587 1.
422 539 486 586 Et
525 538 920 601 blasphemarunt
956 537 1123 584 Deum
1164 535 1282 583 caeli
1323 551 1439 598 prae
1481 533 1716 581 molestiis

228 615 329 662 suis
352 626 403 663 et
425 633 540 678 prae
560 614 799 662 ulceribus
822 614 934 668 suis,
954 624 1005 661 et
1028 629 1128 660 non
1145 612 1454 674 resipuerunt
1477 628 1540 658 ex
1556 610 1713 673 operi·

229 692 320 738 bus
344 691 455 738 suis.

302 790 374 820 12.
423 774 486 820 Et
507 783 676 820 sextus
701 772 905 837 angelus
943 771 1114 819 effudit
1149 770 1362 834 phialem
1397 787 1535 817 suam
1570 787 1717 832 super

229 845 428 897 fluvium
448 867 682 913 magnum
703 849 1018 912 Euphratem,
1033 859 1083 895 et
1100 848 1342 895 exsiccata
1359 858 1433 894 est
1451 863 1580 909 aqua
1598 847 1715 910 ejuS,

229 936 283 972 ut
305 937 553 988 pararetur
577 926 654 972 via
678 942 851 989 regum
876 926 940 972 ab
963 935 1072 971 ortu
1097 923 1226 971 solis.

302 1022 374 1066 13.
418 1006 481 1053 Et
505 1007 601 1053 vidi
626 1024 689 1053 ex
708 1023 792 1053 ore
821 1005 1057 1058 draconis,
1083 1016 1132 1052 et
1156 1022 1219 1052 ex
1243 1022 1329 1052 ore
1353 1004 1554 1058 bestiae,
1580 1015 1630 1052 et
1653 1022 1716 1052 ex

230 1100 316 1130 ore
356 1083 830 1146 pseudoprophetae,
855 1083 1050 1145 spiritus
1090 1093 1189 1129 tres
1225 1082 1501 1129 immundos
1537 1081 1715 1129 similes

230 1158 374 1205 ranis.

303 1255 375 1298 14.
422 1239 549 1286 Sunt
572 1239 700 1286 enim
726 1239 919 1302 spiritus
961 1239 1257 1286 daemonum
1295 1238 1525 1286 facientes
1560 1239 1714 1303 signa,

229 1315 292 1362 ad
316 1315 598 1362 abeundum
630 1315 693 1362 ad
721 1333 866 1379 reges
898 1326 1055 1362 terrae
1084 1326 1133 1362 et
1157 1315 1288 1362 orbis
1323 1315 1483 1368 totius,
1509 1316 1573 1362 ad
1598 1305 1713 1363 eon-

226 1393 533 1456 gregandum
557 1392 661 1440 illos
681 1393 728 1440 in
748 1392 985 1455 proelium
1001 1393 1097 1439 diei
1121 1392 1243 1439 illius
1259 1393 1423 1456 magni
1444 1392 1540 1440 Dei
1557 1393 1711 1440 omni-

190 1479 198 1485 '
227 1469 453 1532 potentis.

251 1548 254 1551 ’
302 1550 374 1597 15.
417 1549 542 1597 Ecce
561 1550 706 1597 venio
722 1550 845 1597 sicut
867 1549 965 1603 fur;
998 1550 1174 1596 beatus
1193 1549 1277 1612 qui
1296 1549 1461 1613 vigilat
1485 1560 1535 1597 et
1553 1562 1717 1598 servat

228 1625 522 1673 vestimenta
544 1643 644 1679 sua,
670 1637 722 1673 ut
746 1643 845 1673 non
871 1625 1030 1672 nudus
1065 1625 1294 1680 ambulet,
1320 1638 1370 1673 et
1394 1626 1593 1674 videant
1627 1644 1715 1689 pu-

228 1701 397 1749 dorem
422 1703 540 1766 ejus.

302 1785 374 1829 16.
422 1782 486 1829 Et
509 1783 827 1847 congregavit
855 1782 960 1831 illos
988 1784 1035 1830 in
1065 1783 1225 1831 locum
1250 1782 1435 1831 &totum
1467 1784 1716 1832 Hebraice

229 1858 595 1922 Armageddon.

302 1954 374 2000 17.
422 1942 486 1989 Et
521 1943 756 2005 septimus
795 1943 1002 2007 angelus
1044 1943 1214 1991 effudit
1249 1943 1458 2006 phialam
1494 1962 1631 1992 suam
1668 1945 1716 1992 in

227 2033 406 2071 aerem,
432 2029 481 2065 et
515 2019 667 2066 exivit
691 2036 789 2066 vox
825 2037 1005 2083 magna
1032 2037 1060 2067 e
1093 2020 1277 2083 templo
1307 2020 1439 2074 caeli,
1464 2038 1492 2068 e
1524 2021 1716 2074 throno,

228 2093 408 2148 dicens,
435 2093 638 2142 Paetum
664 2107 751 2143 est.

302 2177 374 2221 18.
423 2175 486 2222 Et
509 2174 666 2223 faelae
690 2187 805 2223 sunt
828 2194 993 2229 voces,
1018 2188 1069 2224 et
1103 2177 1293 2241 fulgura
1317 2188 1366 2225 et
1394 2179 1629 2232 tonitrua;
1668 2190 1718 2225 et

228 2260 387 2298 terrae
418 2263 578 2298 motus
607 2251 759 2299 faCtus
788 2264 865 2300 est
892 2270 1115 2316 magnus,
1140 2254 1295 2316 qualis
1325 2272 1423 2301 non
1455 2253 1609 2301 faftus
1643 2266 1719 2302 est

230 2342 293 2373 ex
312 2343 412 2389 quo
430 2326 655 2376 homines
674 2327 784 2375 fac'ffi
807 2340 919 2376 sunt
937 2347 1082 2392 super
1096 2341 1238 2383 terra,
1251 2330 1357 2377 talis
1372 2342 1529 2378 terrae
1555 2343 1717 2379 motus

229 2402 355 2449 adeo
380 2420 602 2467 magnus.

304 2499 375 2542 19.
424 2484 487 2531 Et
509 2484 633 2532 sach
657 2496 733 2532 est
756 2487 871 2533 urbs
895 2503 1075 2550 magna
1100 2487 1145 2533 in
1171 2480 1268 2534 tre⁸s
1295 2498 1470 2549 partes,
1496 2499 1547 2535 et
1570 2489 1716 2536 urbes

230 2561 451 2623 gentium
476 2562 765 2609 ceciderunt.
825 2563 888 2609 Et
922 2563 1142 2625 Babylon
1168 2580 1348 2626 magna
1371 2565 1506 2611 venit
1531 2565 1578 2611 in
1612 2583 1714 2613 me-

231 2637 434 2701 moriam
470 2655 632 2685 coram
671 2639 798 2692 Deo,
823 2639 939 2686 dare
977 2639 1037 2686 illi
1068 2640 1293 2702 poculum
1319 2640 1415 2686 vini
1445 2641 1714 2689 excandes-

232 2713 418 2760 centiae
435 2713 531 2760 irae
553 2713 720 2782 Ipsius3

302 2809 378 2841 20.
427 2795 490 2842 Et
524 2796 683 2843 omnis
720 2795 874 2844 insula
908 2797 1042 2860 fugit,
1080 2807 1129 2844 et
1164 2809 1357 2845 montes
1397 2815 1494 2846 non
1533 2799 1715 2847 inventi

232 2880 357 2917 sunt.
