1962 3328
556 301 662 333 CAP.
686 299 822 339 xv11.,
845 298 984 331 VERS.
1012 291 1183 330 12.—'N.
1211 297 1329 341 1070.
1571 286 1684 356 ¹2657

199 411 417 438 (mdc
430 411 530 436 Verbo.)

308 449 467 484 uoniam
489 449 663 484 Verbum
684 455 744 484 est
766 447 954 482 Divinum
972 447 1131 487 Verum,
1150 454 1190 482 et
1211 447 1288 481 hoc
1308 445 1487 490 proredit
1505 456 1553 480 ex
1576 444 1687 479 Divi-

199 507 254 531 no
293 497 366 531 'sse
389 496 560 535 Domini,
578 502 622 530 ut
642 495 710 529 lux
734 506 759 530 a
781 495 876 534 sole,
893 495 1150 541 consequitur
1168 494 1276 539 quod
1299 492 1495 527 Dominus
1515 491 1568 526 sit
1587 491 1687 544 Ver-

198 544 305 583 bum,
325 542 418 589 quia
442 549 503 580 est
530 542 716 577 Divinum
738 542 897 576 Verum.
947 541 1066 588 Quod
1093 541 1290 576 Dominus
1313 539 1366 574 sit
1386 539 1572 578 Verbum,
1593 548 1688 591 quia

198 596 261 626 est
287 588 472 624 Divinum
495 588 653 628 Verum,
673 595 715 623 et
738 589 844 634 quod
871 588 948 623 hoc
973 589 1162 634 procedat
1187 598 1235 623 ex
1262 586 1408 621 Divino
1436 585 1530 620 Esse
1558 584 1687 638 Ipsius

198 636 305 682 quod
323 643 383 671 est
409 635 576 670 Divinus
594 635 729 675 Amor,
747 642 808 670 est
823 635 917 680 quia
930 635 1098 670 Divinus
1116 635 1243 669 Amor
1258 633 1333 668 fuit
1351 633 1390 666 in
1410 632 1512 677 Ipso¹
1531 633 1626 666 dum
1645 642 1686 665 m

58 699 66 712 ι
91 671 104 688 “’
138 686 143 690 ”
198 683 360 722 mundo,
378 682 480 718 sicut
499 682 631 717 anima
656 682 695 716 in
720 693 903 727 corpore;
929 689 969 717 et
988 682 1082 728 quia
1100 693 1150 717 ex
1169 681 1315 716 Divino
1337 680 1485 714 Amore
1506 678 1687 723 procedit

200 729 387 765 Divinum
413 729 561 763 Verum
586 729 688 764 sicut
712 728 780 763 lux
804 739 854 763 ex
877 729 972 768 sole,
997 736 1043 764 ut
1067 727 1217 764 dietum
1243 734 1313 767 est,
1335 727 1426 761 ideo
1455 725 1685 760 Humanum

200 775 360 811 Domini
379 776 418 810 in
437 776 587 810 mundo
604 775 679 810 fuit
697 774 885 810 Divinum
900 775 1047 810 Verum
1066 776 1286 821 procedens
1302 785 1350 809 ex
1370 773 1517 808 Divino
1536 773 1686 807 Amore

197 823 266 868 qui
296 822 335 857 in
367 822 469 868 Ipso.
519 821 637 869 Quod
667 822 795 868 ipsum
826 822 1024 863 Divinum,
1054 823 1162 868 quod
1192 827 1357 856 vocatur
1374 819 1584 866 “Jehovah
1596 819 1616 830 ''
1645 825 1686 853 et

199 869 375 909 '‘Pater,”
392 869 500 915 quod
520 875 581 904 est
602 869 769 904 Divinus
791 870 925 910 Amor,
944 869 1062 904 fuerit
1082 869 1120 904 in
1145 868 1318 904 Domino
1338 879 1388 902 ex
1411 866 1685 912 conceptione,

198 923 307 962 patet
329 916 433 962 apud
461 915 731 962 Evangelistas
750 916 996 951 Matthaeum
1016 917 1222 952 et'Lucam
1234 914 1416 960 .·—Apud
1436 914 1684 948 Matthaeum

198 973 247 998 ex
263 962 336 1002 his,

259 1035 342 1066 Cum
357 1036 548 1074 desponsata
562 1042 608 1065 est
623 1036 728 1065 Maria
748 1041 849 1065 mater
860 1037 940 1076 jesu
953 1036 1106 1076 Josepho,
1122 1040 1321 1073 “antequam
1342 1035 1386 1064 ini
1407 1035 1686 1072 congrederentur,

357 1076 485 1105 inventa
497 1081 544 1106 est
565 1077 597 1104 in
611 1082 703 1105 utero
716 1076 837 1105 habens
851 1085 889 1105 ex
903 1077 1022 1114 Spiritu
1035 1076 1147 1105 sanc'to
1157 1077 1186 1105 ;“’
1202 1082 1234 1105 et
1253 1077 1330 1105 dixit
1344 1076 1476 1112 angelus
1488 1075 1633 1114 Josepho
1654 1075 1687 1102 in

357 1117 491 1150 somnio,
506 1119 525 1130 ‘⁸
538 1117 588 1146 Ne
603 1117 678 1145 time
691 1117 834 1154 accipere
849 1117 985 1146 Mariam
1001 1126 1150 1154 sponsam
1166 1123 1264 1149 tuam.
1274 1125 1347 1144 nam
1363 1117 1452 1153 quod
1465 1117 1497 1144 in
1512 1124 1550 1144 ea
1564 1119 1686 1149 natum,

357 1165 397 1185 ex
412 1157 530 1194 Spin'tu
544 1157 655 1186 sancto
670 1162 733 1186 est:
746 1180 753 1186 .
770 1180 778 1186 .
791 1180 799 1187 .
813 1179 819 1184 .
831 1157 893 1186 hoc
907 1157 1026 1186 factum
1039 1162 1086 1185 est
1101 1163 1135 1186 ut
1149 1158 1332 1194 impleretur
1345 1157 1434 1193 quod
1448 1156 1568 1184 dictum
1584 1164 1604 1184 a
1619 1155 1687 1184 Do-

356 1197 445 1225 mino
455 1205 513 1234 per
524 1196 731 1234 Prophetam;
748 1220 755 1226 .
766 1220 774 1227 .
788 1197 871 1226 Eece
882 1198 970 1234 virgo
984 1198 1015 1226 in
1028 1202 1118 1226 utero
1131 1197 1271 1230 habebit.
1285 1202 1316 1225 et
1329 1197 1430 1234 pariet
1445 1195 1591 1225 Filium.''
1595 1218 1686 1226 .....

359 1236 399 1265 Et
411 1237 534 1276 Joseph
550 1240 569 1251 ¹·
579 1246 644 1265 non
658 1237 807 1274 cognovit
827 1237 923 1271 illam,
939 1246 1040 1274 usque
1061 1238 1139 1266 dum
1152 1237 1275 1275 peperit
1290 1237 1404 1266 Filium
1419 1245 1513 1266 suum
1526 1236 1688 1274 primoge-

357 1277 469 1310 nitum,
485 1282 516 1305 et
531 1278 654 1306 vocavit
674 1286 791 1306 nomen
808 1277 911 1314 Ipsius
923 1278 1035 1317 Jesum
1046 1277 1063 1286 '¹
1081 1279 1164 1315 (cap.
1180 1278 1199 1307 i.
1218 1278 1328 1315 18-25)
1342 1286 1350 1312 3

197 1355 240 1384 et
255 1349 361 1394 apud
378 1347 525 1383 Lucam
544 1349 606 1384 his
622 1350 762 1390 verbis,

258 1413 429 1450 ”Angelus
456 1414 534 1442 dixit
547 1413 564 1423 ''
589 1414 711 1442 Mariae
715 1437 803 1447 .....
818 1417 835 1428 “
851 1414 934 1443 Ecce
962 1415 1121 1452 concipies
1147 1415 1180 1443 in
1208 1420 1309 1448 utero.
1330 1419 1362 1443 et
1385 1414 1488 1452 paries
1514 1414 1639 1448 Filium,
1654 1417 1687 1442 et

356 1454 484 1482 vocabis
498 1462 616 1482 nomen
633 1455 736 1491 Ipsius
747 1455 878 1494 Jesum;
902 1455 966 1484 Hic
987 1455 1044 1483 erit
1065 1463 1210 1492 magnus,
1225 1460 1255 1483 et
1271 1455 1367 1483 Filius
1387 1454 1538 1483 Altiffiimi
1559 1454 1687 1482 vocabi-

357 1499 423 1523 tur:
441 1516 448 1523 .
461 1517 469 1523 .
483 1517 490 1523 .
505 1517 512 1524 .
529 1494 635 1523 Maria
648 1503 724 1523 vero
737 1495 816 1523 dixit
837 1495 879 1523 ad
899 1496 1058 1532 angelumv
1070 1495 1246 1532 Quomodo
1259 1495 1313 1524 fiet
1326 1495 1398 1528 hoc,
1413 1495 1489 1532 quia
1502 1495 1604 1523 virum
1619 1503 1686 1523 non

358 1535 540 1579 cognosco?
575 1534 636 1563 Cui
651 1535 812 1580 respondit
826 1535 967 1581 angelus,
979 1536 1112 1572 Spiritus
1126 1536 1255 1581 sanetus
1263 1536 1367 1564 veniet
1381 1544 1476 1572 super
1489 1540 1529 1568 te,
1542 1540 1573 1563 et
1587 1535 1686 1580 virtus

356 1574 518 1643 ἷᾸΙω-ιιῗιιῐίῐιυιε
529 1575 736 1652 (ἐξέῐιιιὶίιέἒῐ
742 1576 892 1652 {egon-1325
898 1580 1000 1645 Ζεῖιεὶῐιι
1015 1577 1104 1612 quod
1125 1582 1264 1605 nascitur
1276 1585 1316 1604 ex
1337 1581 1368 1604 te
1388 1580 1543 1609 sanctum,
1558 1575 1671 1604 vooeb«

226 1691 291 1728 uia
306 1699 524 1738 conceptus
548 1700 608 1728 est
629 1704 652 1728 a
667 1693 859 1739 Jehovah,
879 1694 969 1730 ideo
995 1695 1034 1729 in
1052 1695 1185 1730 Verbo
1209 1695 1329 1731 toties
1346 1702 1512 1731 vocatur
1529 1700 1549 1713 ‘⁴
1561 1694 1685 1730 Filius

197 1703 308 1780 Dei:¹
325 1746 366 1775 et
387 1739 569 1786 Jehovah
595 1747 762 1775 vocatur
785 1746 807 1759 “
821 1741 968 1776 Pater''
988 1741 1133 1788 Ipsius:
1159 1750 1199 1777 et
1223 1742 1403 1788 Jehovah
1428 1743 1560 1788 quoad
1589 1742 1685 1777 Esse

197 1797 311 1821 suum
328 1793 389 1822 est
406 1786 575 1822 Divinus
594 1787 729 1826 Amor,
747 1794 788 1822 et
812 1789 943 1834 quoad
973 1788 1148 1824 Existere
1166 1801 1280 1824 suum
1301 1797 1361 1825 est
1388 1789 1576 1824 Divinum
1604 1789 1684 1824 Βο-

197 1843 292 1868 num
320 1833 475 1868 unitum
500 1833 646 1869 Divino
672 1834 789 1869 Vero.
841 1835 899 1870 Ex
928 1835 990 1870 his
1019 1843 1150 1881 potest
1174 1836 1300 1871 videri
1324 1837 1420 1882 quid
1451 1837 1686 1883 intelligitur

197 1890 268 1925 per

256 1950 409 1984 Verbum.
425 1952 513 1988 quod
533 1951 590 1980 fuit
610 1952 698 1989 apud
721 1952 839 1986 Deum,
855 1957 886 1981 et
907 1954 996 1990 quod
1017 1953 1074 1982 suit
1097 1953 1194 1987 Deus,
1210 1960 1241 1982 et
1262 1963 1391 1991 quoque
1412 1956 1500 1991 quod
1521 1955 1579 1984 fuit
1601 1956 1684 1990 Lux.

356 2000 439 2028 quae
453 1992 607 2021 illuminat
621 2001 750 2020 omnem
765 1993 929 2022 hominem
945 1994 1046 2031 (apud
1060 1993 1253 2034 Johannem,
1269 2004 1337 2032 oep.
1353 1995 1372 2024 i.
1390 1995 1498 2033 1-1o);

83 2064 109 2114 j}
168 2070 304 2116 ',quod
322 2081 463 2116 nempe
481 2069 598 2105 fuerit
617 2070 806 2106 Divinum
824 2071 972 2106 Verum
991 2069 1209 2117 procedens
1226 2084 1249 2108 a
1268 2073 1453 2114 Domino,
1473 2074 1527 2109 ita
1546 2074 1684 2110 Domi-

105 2126 165 2160 ‘aes
196 2127 271 2152 nus
294 2117 427 2162 quoad
453 2128 567 2151 suum
597 2117 785 2152 Existere.
835 2117 954 2164 Quod
982 2119 1176 2154 Dominus
1201 2121 1333 2165 quoad
1363 2132 1478 2156 suum
1506 2121 1684 2158 Existere

197 2162 315 2199 fuerit
344 2163 532 2198 Divinum
566 2163 725 2205 Verum,
754 2171 795 2199 et
831 2166 938 2211 quod
969 2165 1046 2200 hoc
1078 2165 1196 2201 fuerit
1228 2166 1415 2202 Divinum
1452 2168 1683 2204 Humanum

199 2209 336 2256 Ipsius,
350 2210 443 2255 quia
459 2210 536 2245 hoc
549 2211 700 2246 exstitit
714 2222 762 2246 ex
779 2211 874 2247 Esse
893 2211 1040 2247 Divino
1056 2212 1183 2257 Ipsius
1197 2214 1298 2249 sicut
1315 2225 1456 2260 corpus
1474 2226 1521 2250 ex
1539 2216 1683 2256 anima,

197 2263 332 2303 aperte
348 2263 545 2292 testantur
561 2257 659 2292 haec
675 2259 796 2293 verba
814 2259 918 2304 apud
940 2259 1165 2305 Johannerm

257 2335 276 2347 ⁸·
286 2332 429 2361 Verbum
444 2333 527 2362 Caro
541 2333 660 2361 radium
676 2338 732 2367 est,
747 2339 778 2362 et
791 2334 943 2363 habitavit
964 2335 1044 2363 inter
1057 2344 1125 2367 nos,
1142 2342 1171 2364 et
1187 2336 1323 2365 vidimus
1336 2337 1469 2374 gloriam
1487 2339 1600 2376 Ipsius,
1614 2340 1685 2377 glo-

356 2373 433 2401 riam
445 2373 525 2402 sicut
539 2373 699 2410 Unigeniti
713 2383 733 2402 a
749 2373 842 2403 Patre
852 2374 868 2383 ''
886 2375 979 2412 (vers.
998 2384 1035 2412 14
1049 2376 1190 2413 ejusdem
1207 2377 1328 2414 mpitis)
1340 2387 1347 2412 ;

197 2442 433 2478 “Verbum''
451 2451 511 2479 est
538 2444 725 2479 Divinum
751 2445 911 2486 Verum,
933 2447 1040 2492 quod
1066 2449 1184 2482 etiam
1211 2456 1272 2483 est
1294 2449 1490 2495 “gloria;''
1516 2450 1652 2487 “Caro
1663 2452 1684 2465 ''

88 2529 158 2539 ⁷.
197 2496 259 2526 est
284 2489 470 2525 Divinum
499 2490 750 2533 Humanum
784 2493 1055 2539 “Unigenitus
1080 2506 1105 2529 a
1137 2495 1253 2530 Patre
1269 2496 1288 2507 ’'
1314 2504 1375 2531 est
1406 2497 1588 2533 Existens
1613 2506 1682 2534 aut

86 2542 99 2584 'g
147 2580 150 2583 ¹
199 2535 422 2578 Procedens
439 2548 487 2573 ex
507 2537 601 2574 Esse
620 2538 766 2574 Divino
784 2539 823 2574 in
843 2539 946 2586 Ipso.

266 2669 435 2715 1070.
463 2661 542 2702 “Et
559 2675 730 2716 regnum
753 2664 922 2703 nondum
945 2669 1208 2717 acceperunt,
1232 2666 1310 2706 sed
1324 2670 1567 2719 potestatem
1591 2673 1683 2710 tan-

198 2734 316 2776 quam
338 2736 463 2776 myos
482 2737 600 2764 unam
623 2724 763 2764 homm
787 2726 992 2778 acclivium*
1009 2740 1099 2766 cum
1119 2727 1482 2782 bestia-''—Q¹¹0d
1508 2731 1679 2784 Signiffi

88 2787 103 2828 ἶ
197 2775 272 2834 cet
301 2787 426 2839 apud
454 2787 554 2828 illos
584 2788 663 2841 qm‘
694 2803 777 2829 non
812 2789 878 2830 ita
914 2798 1190 2842 agnoverunt
1212 2798 1473 2844 potestatem
1502 2794 1686 2835 Domini

81 2843 98 2890 J
197 2855 332 2901 super
353 2849 516 2890 caelum
539 2857 581 2891 et
611 2857 778 2892 terram
803 2852 848 2892 in
874 2851 1088 2893 hominem
1113 2854 1385 2895 translatam
1409 2870 1515 2905 esse,
1540 2863 1583 2897 et
1606 2858 1687 2910 qm'

197 2909 408 2952 Divinam
432 2912 710 2954 sanfflitatem
740 2914 1011 2955 addixerunt
1046 2915 1087 2956 V
1082 2916 1195 2964 erbo,
1222 2923 1264 2957 ct
1294 2931 1375 2958 non
1405 2918 1470 2959 ita
1498 2919 1680 2962 dibJatis
