1962 3328
511 323 615 355 CAP.
643 318 800 363 xv111.,
826 321 967 354 vens.
996 311 1167 353 16.—N.
1198 311 1316 352 1168.
1543 321 1655 364 2793

253 433 417 476 1168.
447 443 501 482 [B.
515 443 557 474 A.
573 454 653 473 vm.
670 443 733 482 17.]
763 432 895 478 “Ouia
918 445 999 473 una
1021 431 1124 472 hor-a
1144 431 1383 472 devastatae
1402 434 1500 471 sunt
1516 434 1658 470 tantae

176 494 570 548 ffritiae.¹'—Quod
603 494 830 548 significet
853 495 1088 548 jac‘luram
1120 494 1315 534 omnium
1348 507 1460 546 quae
1491 492 1659 533 lucrati

173 565 290 609 sunt,
314 566 358 601 et
378 567 465 613 per
493 569 604 613 quae
626 574 674 601 se
696 560 944 600 lucraturos
972 573 1068 600 esse
1096 564 1352 611 sperarunt,
1380 564 1564 599 constat
1594 571 1655 598 ex

165 622 504 676 significatione
523 626 550 643 ‘⁴
563 637 650 663 una
671 623 782 663 hora
798 622 1066 670 devastari,”
1082 621 1202 676 quod
1224 622 1282 662 sit
1299 622 1491 662 exitium
1509 620 1656 661 totale

168 685 476 733 Rea-utsupraJm.
492 695 508 723 1
522 684 630 736 136),
648 684 713 725 ita
730 684 909 737 qu'oque
922 682 1100 736 jactura
1117 683 1320 724 omnium
1338 697 1348 732 ;
1370 688 1417 722 et
1435 696 1495 722 ex
1513 682 1654 734 signi·

172 744 385 787 ficatioue
412 745 746 793 “divitiarum,‘’
767 745 887 798 quod
912 746 1003 785 sint
1030 744 1166 792 lucra,
1189 758 1304 797 quae
1329 750 1434 784 sunt
1460 743 1656 784 honores

171 815 220 850 et
242 821 367 862 opeS,
387 808 455 849 ita
473 818 590 861 quae
612 808 772 848 lucrati
794 814 913 855 sunt,
936 814 983 848 et
1004 821 1182 861 quoque
1204 806 1324 847 mala
1344 813 1392 847 et
1413 806 1525 846 falsa
1545 806 1656 846 doc-

173 872 320 913 trinae
349 877 397 912 et
427 870 639 924 religiosi,
665 884 781 924 quae
812 877 918 910 sunt
944 884 1023 923 per
1047 883 1162 923 quae
1193 883 1241 910 se
1273 869 1525 909 lucraturos
1555 881 1656 909 esse

171 939 435 988 sperarunt:
478 933 640 973 similia
671 932 747 973 hic
784 946 863 986 per
896 933 1115 974 “divitias
1128 932 1148 947 '’
1179 932 1503 985 significantur,
1541 944 1656 984 quae

60 982 77 1024 ².
110 1025 114 1029 .
173 1008 307 1050 supra
331 1009 411 1050 per
437 995 689 1044 “merceS,”
713 1008 828 1049 quae
842 1003 967 1036 vers.
998 1006 1146 1046 12-14‚
1173 1001 1465 1036 enumeratae
1490 999 1609 1034 sunt.

165 1095 363 1122 (anm.)

161 1140 165 1141 ⁷
233 1132 440 1179 Quantum
459 1132 582 1177 horno
595 1139 823 1167 removetur
834 1143 858 1167 a
875 1132 999 1171 malis,
1010 1138 1168 1167 tantum
1184 1137 1416 1166 removetur
1426 1131 1477 1165 ab
1496 1130 1662 1170 inferno.

160 1179 260 1227 >quia
283 1180 387 1214 mala
410 1187 452 1215 et
477 1179 673 1214 infernum
700 1190 823 1214 unum
842 1186 956 1219 sunt;
981 1186 1022 1214 et
1047 1186 1241 1224 quantum
1266 1179 1317 1213 ab
1338 1178 1662 1217 ὴίςῖυιισνθωῐ,

166 1234 323 1262 tantum
350 1227 471 1262 intrat
496 1227 536 1261 in
562 1227 677 1267 bona.
698 1234 740 1261 et
765 1227 1027 1272 conjungitur
1050 1226 1172 1266 caelo,
1195 1235 1286 1260 nam
1313 1226 1419 1260 bona
1442 1233 1484 1260 θῖ
1506 1226 1662 1260 ωθίθιι

167 1285 291 1308 unum
316 1280 422 1309 sunt.
473 1273 609 1309 Homo
634 1281 732 1308 tunc
757 1274 802 1308 fit
822 1274 941 1313 alius;
972 1273 1184 1308 invertitur
1203 1273 1371 1307 liberum
1393 1273 1490 1318 ejus,
1512 1273 1662 1307 bonum

59 1307 106 1366 “f‘-
165 1321 265 1366 ejus,
279 1332 392 1356 mens
408 1321 506 1367 ejus,
518 1332 565 1356 ac
579 1319 802 1356 intellectus
819 1328 861 1355 et
870 1321 1058 1355 voluntas
1071 1321 1168 1366 ejus,
1183 1320 1229 1354 fit
1246 1320 1351 1355 enim
1370 1320 1535 1365 angelus
1553 1320 1663 1355 caeii.

62 1370 68 1383 ‘
87 1370 89 1373 '
124 1374 128 1380 '
165 1369 348 1404 Liberum
366 1368 464 1413 ejus,
478 1369 586 1414 quod
604 1369 713 1413 prius
727 1367 857 1402 fuerat
870 1368 1037 1403 liberum
1051 1367 1254 1414 cogitandi
1269 1374 1311 1402 et
1323 1367 1484 1402 volendi
1503 1367 1663 1406 malum,

163 1415 213 1458 ,fit
223 1415 391 1451 liberum
404 1415 606 1461 cogitandi
619 1422 659 1450 et
673 1415 832 1450 volendi
846 1416 1009 1454 bonum,
1021 1415 1130 1460 quod
1146 1415 1185 1449 in
1200 1425 1242 1449 se
1253 1421 1315 1449 est
1330 1414 1458 1460 ipsum
1474 1414 1664 1453 liberum:

167 1473 260 1498 cum
280 1462 403 1497 homo
428 1462 468 1496 in
494 1462 572 1497 hoc
592 1469 663 1501 est,
681 1469 779 1497 tunc
799 1462 971 1507 primum
997 1462 1072 1497 scit
1097 1462 1195 1507 quid
1215 1462 1399 1501 liberum,
1422 1472 1510 1505 nond
1528 1469 1663 1497 autem

168 1509 288 1556 prius,
305 1509 495 1555 quoniam
519 1520 568 1544 ex
593 1510 717 1544 libero
744 1510 835 1544 mali
857 1510 1074 1544 sentiverat
1098 1509 1267 1544 liberum
1294 1509 1389 1544 boni
1415 1515 1461 1544 ut
1486 1520 1664 1549 servum;

164 1567 274 1592 >nunc
298 1563 433 1592 autem
456 1567 505 1591 ex
528 1557 653 1592 libero
676 1557 768 1592 boni
799 1557 922 1591 sentit
955 1556 1124 1591 liberum
1155 1557 1248 1591 mali
1281 1563 1327 1590 ut
1360 1567 1530 1596 servum,
1560 1557 1664 1592 sicut

169 1604 290 1639 etiam
315 1603 356 1639 in
376 1615 419 1639 se
444 1611 516 1639 est.
565 1604 727 1643 Bonum,
750 1605 857 1649 quod
885 1604 1007 1639 homo
1033 1603 1142 1649 prius
1167 1603 1326 1643 fecerat,
1347 1603 1441 1649 quia
1465 1615 1514 1638 ex
1539 1604 1665 1639 libero

168 1650 273 1691 mali,
290 1662 372 1686 non
389 1651 522 1697 potuit
538 1661 623 1686 esse
640 1651 789 1686 bonum
809 1651 848 1685 in
869 1662 932 1691 se;
958 1651 1034 1685 fuit
1054 1662 1167 1686 amor
1183 1651 1243 1686 sui
1265 1659 1335 1686 aut
1352 1651 1491 1685 mundi
1514 1651 1553 1685 in
1576 1651 1666 1686 illo:

73 1683 94 1732 ἶ·
169 1709 250 1733 non
276 1698 395 1734 datur
417 1698 567 1732 bonum
593 1709 641 1733 ex
666 1698 742 1733 alia
766 1698 919 1744 origine
945 1709 1064 1744 quam
1090 1709 1140 1733 ex
1164 1709 1312 1738 amore,
1338 1699 1430 1733 inde
1450 1698 1578 1744 qualis
1603 1706 1665 1734 est

167 1755 290 1786 amor,
307 1745 387 1780 tale
403 1751 466 1780 est
482 1746 653 1785 bonum3
678 1745 710 1780 si
728 1756 841 1780 amor
861 1746 988 1780 malus
1001 1752 1062 1780 est
1083 1757 1209 1791 usque
1229 1746 1315 1791 ejus
1332 1746 1554 1791 jucundum
1576 1757 1665 1781 sen—

168 1793 269 1829 titur
280 1798 330 1827 ut
346 1792 507 1832 bonum,
521 1792 679 1827 tametsi
697 1800 758 1827 est
777 1793 923 1827 malum
938 1803 947 1827 :
971 1793 1120 1827 bonum
1139 1800 1272 1828 autem
1287 1793 1396 1839 quod
1415 1793 1538 1828 homo
1556 1800 1665 1839 post-

169 1848 218 1876 ea
237 1838 332 1875 facit
355 1832 416 1874 est
436 1840 585 1874 bonum
607 1839 647 1873 in
668 1850 721 1879 se,
738 1840 832 1886 quia
850 1850 875 1874 a
896 1839 1081 1879 Domino,
1103 1840 1171 1885 qui
1193 1847 1255 1875 est
1276 1841 1405 1885 ipsum
1429 1840 1599 1880 Bonum,
1621 1847 1667 1875 ut

169 1896 290 1933 supra
313 1885 464 1921 dietum
490 1894 563 1922 est.
610 1887 725 1921 Mens
749 1887 927 1927 hominis,
953 1894 1166 1932 antequam
1196 1887 1410 1933 conjuncta
1438 1887 1514 1922 fuit
1543 1887 1664 1927 caelo.

170 1941 387 1969 retrorsum
403 1944 518 1969 versa
534 1933 619 1974 fuit,
638 1934 732 1979 quia
748 1935 926 1968 nondum
945 1933 1090 1969 edufla
1106 1941 1166 1969 est
1184 1945 1233 1969 ex
1251 1934 1425 1974 inferno:
1450 1942 1492 1970 at
1509 1935 1605 1970 dum
1625 1935 1664 1969 in

69 1984 117 2036 3}
169 1987 277 2016 statu
294 1980 587 2016 reformationis
603 1989 674 2020 est,
693 1980 846 2026 spectat
863 1992 887 2016 a
902 1992 999 2016 vero
1018 1982 1068 2016 ad
1090 1982 1251 2021 bonum,
1270 1982 1373 2017 sicut
1391 1994 1415 2017 a
1431 1982 1595 2018 sinistro
1615 1983 1664 2017 ad

171 2027 366 2068 dextrum,
378 2028 485 2073 quod
500 2035 562 2063 est
574 2035 714 2063 eontra
726 2028 907 2063 ordinem
922 2041 930 2068 ;
955 2035 1167 2074 postquam
1179 2036 1311 2064 autem
1325 2040 1437 2064 mens
1450 2028 1667 2075 conjuncta

170 2081 232 2110 oet
247 2075 369 2114 caelo,
386 2082 611 2110 antrorsum
630 2075 808 2115 vertitur,
827 2083 867 2110 et
884 2077 1064 2110 elevatur
1080 2076 1129 2110 ad
1154 2075 1384 2116 Dominum,
1403 2087 1448 2111 ac
1469 2076 1623 2122 spectat
1643 2088 1668 2112 a

68 2119 91 2140 ·’
135 2159 140 2163 ,
170 2121 313 2158 dextro
337 2122 386 2157 ad
412 2122 628 2161 sinistrum,
647 2122 724 2157 hoc
749 2131 810 2157 est
831 2133 854 2157 a
874 2123 981 2158 bono
1001 2123 1051 2158 ad
1068 2134 1219 2163 verum,
1238 2124 1347 2168 quod
1366 2131 1427 2158 est
1445 2125 1665 2159 secundum

172 2168 352 2204 ordinem
366 2179 375 2204 ε
401 2169 456 2204 ita
470 2169 518 2204 fit
534 2180 706 2204 versura.
756 2169 892 2204 Simile
909 2176 971 2204 est
987 2181 1079 2205 cum
1093 2171 1286 2205 intellectu
1302 2175 1339 2205 et
1354 2172 1559 2211 voluntate,
1574 2172 1668 2216 quia

173 2214 396 2251 inteueflus
421 2223 482 2251 est
504 2216 695 2262 recipiens
713 2217 794 2251 veri
820 2223 861 2251 et
881 2217 1067 2252 voluntas
1093 2217 1285 2263 recipiens
1310 2218 1427 2253 boni:
1452 2226 1666 2264 antequam

172 2261 295 2298 homo
307 2273 356 2298 ex
370 2262 524 2298 inferno
534 2262 701 2298 eductus
714 2270 785 2303 est,
800 2262 1023 2299 intelleftus
1037 2272 1077 2299 θῖ
1090 2259 1276 2300 volunt'as
1290 2276 1370 2299 non
1386 2276 1508 2299 unum
1523 2273 1667 2311 agunt:

174 2309 297 2350 homo
312 2316 409 2345 tunc
422 2321 471 2345 ex
489 2309 693 2345 intellectu
712 2311 825 2355 plura
842 2311 951 2345 videt
972 2318 1013 2346 et
1117 2312 1229 2351 oscit‚
1248 2323 1349 2357 quae
1371 2323 1451 2346 non
1470 2313 1556 2347 vult
1574 2313 1669 2358 quia

172 2367 255 2405 non
271 2363 398 2397 amat:
423 2364 571 2392 atvero
588 2359 748 2403 quando
767 2358 889 2392 homo
906 2359 1075 2404 conjunc
1098 2370 1144 2393 us
1161 2366 1223 2394 est
1240 2359 1360 2399 caelo,
1374 2366 1472 2394 tunc
1490 2359 1668 2395 intellec—

173 2409 239 2439 tus
262 2409 304 2438 et
327 2404 512 2439 voluntas
538 2416 660 2439 unum
766 2412 820 2444 nt,
839 2416 930 2439 narn
958 2404 1182 2440 intellectus
1208 2405 1253 2440 fit
1274 2406 1511 2445 voluntatis:
1545 2407 1668 2442 homo

173 2450 291 2490 enim.
308 2451 469 2496 quando
486 2462 647 2486 versura
667 2451 705 2486 fa
794 2459 865 2491 est,
883 2453 991 2497 quod
1013 2452 1099 2487 vult
1126 2453 1202 2487 hoc
1222 2453 1342 2488 etiam
1361 2460 1478 2493 amat,
1497 2460 1538 2488 et
1558 2455 1667 2499 quod

71 2536 74 2538 ,
119 2548 123 2550 .
174 2497 263 2532 vult
278 2508 327 2532 ex
342 2508 488 2538 amore,
508 2498 584 2533 hoc
601 2499 773 2545 cogitat:
799 2499 855 2534 ita
872 2507 1082 2545 postquam
1102 2499 1224 2535 homo
1242 2508 1418 2536 remotus
1436 2507 1497 2535 est
1514 2501 1669 2543 amalis

176 2553 246 2590 per
258 2544 521 2580 resistentiam
535 2552 576 2580 et
589 2556 760 2592 pugnam
773 2554 913 2581 contra
927 2547 992 2581 illa
1005 2547 1107 2581 sicut
1120 2557 1144 2581 a
1156 2558 1208 2586 se,
1220 2547 1329 2582 venit
1345 2548 1383 2582 in
1397 2559 1572 2583 amorem
1585 2549 1667 2583 veri

175 2596 218 2626 et
233 2591 347 2632 boni:
372 2598 412 2627 et
429 2598 525 2627 tunc
542 2592 677 2628 omnia
694 2603 795 2639 quae
813 2594 899 2628 vult
916 2602 957 2629 et
976 2594 1067 2628 inde
1085 2593 1180 2629 facit
1200 2594 1319 2629 etiam
1341 2595 1492 2641 cogitat
1512 2603 1554 2631 et
1576 2596 1667 2631 inde

83 2639 85 2642 ’
106 2677 112 2682 ,
173 2636 363 2684 loquitur.
