1962 3328
670 280 777 314 CAP.
799 281 895 323 xv„
917 281 1055 314 VERS.
1077 273 1223 314 8.—N.
1244 282 1297 326 95
1305 281 1341 326 5.
1629 280 1739 324 23¹5

259 394 338 432 (Sed
355 395 397 424 de
414 395 475 425 hac
493 404 527 424 re
544 395 578 424 in
590 400 743 433 sequente
760 396 873 434 eapite,
892 396 948 426 ubi
966 397 1008 425 de
1027 393 1176 434 “septem
1195 396 1308 434 phialis
1326 400 1358 426 et
1379 395 1456 425 inibi
1473 400 1595 434 septem
1614 394 1743 434 plagis''

258 448 386 487 agitur.)

257 528 435 553 (continuatio
443 529 474 550 de
482 529 573 550 Primo
580 529 736 555 ſtraertpeo.)

328 561 531 608 Quantum
557 563 679 598 homo
705 563 852 599 resistit
875 563 979 599 binis
999 565 1199 600 amoribus
1224 565 1403 611 propriis,
1422 565 1489 611 qui
1515 573 1609 601 sunt
1633 577 1746 602 amor

258 609 477 654 imperandi
494 621 542 644 ex
566 610 653 645 solo
668 610 846 655 jucundo
863 611 1027 656 imperii,
1045 619 1087 646 et
1107 623 1219 647 amor
1235 612 1465 657 possidendi
1482 613 1588 647 bona
1605 614 1744 648 mundi

256 667 306 691 ex
322 656 409 691 solo
423 657 602 701 jucundo
619 657 889 702 possessionis,
907 665 948 692 et
972 659 1029 693 sic
1046 665 1239 703 quantum
1258 658 1359 704 fugit
1384 659 1487 693 mala
1512 667 1556 694 ut
1581 667 1745 704 peccata
1761 680 1766 683 -

255 702 415 748 quaein
441 703 642 749 decalogo,
660 710 816 738 tantum
840 715 909 749 per
932 705 1084 739 caelum
1111 716 1135 740 a
1160 705 1335 740 Domino
1354 705 1483 740 influit
1500 707 1607 751 quod
1635 706 1744 742 Deus

256 749 319 789 sit,
344 749 412 795 qui
438 749 603 785 Creator
626 757 667 785 et
692 749 958 786 Conservator
982 752 1166 792 universi,
1194 752 1317 787 immo
1345 753 1465 787 etiam
1496 754 1603 798 quod
1636 753 1744 789 Deus

255 807 358 831 unus
382 797 445 831 sit.
495 796 634 836 Causa,
652 798 759 842 quod
786 798 862 832 hoc
888 805 984 833 tunc
1002 798 1150 838 influat,
1168 806 1229 834 est
1253 799 1346 844 quia
1362 810 1453 834 cum
1481 807 1633 835 remota
1650 808 1744 835 sunt

256 843 369 882 mala,
386 844 538 878 caelum
555 850 735 888 apertum
754 852 834 884 est:
863 852 904 879 et
928 856 1019 880 cum
1039 846 1191 880 caelum
1217 854 1277 881 est
1302 853 1494 892 apertum,
1513 847 1636 882 homo
1661 859 1742 882 non

255 889 426 935 amplius
443 901 491 928 ex
508 901 561 930 se,
580 891 649 925 sed
676 902 746 936 per
761 892 912 926 caelum
938 903 987 926 ex
1006 891 1180 927 Domino
1197 893 1368 939 cogitat;
1396 900 1438 929 et
1462 893 1540 929 hoc
1566 894 1606 928 in
1631 895 1743 930 caelo

255 936 475 972 universale
492 944 563 976 est,
581 936 849 982 complec'lens
873 939 1019 979 omnia„
1036 940 1143 984 quod
1172 938 1280 974 Deus
1304 940 1366 980 sit,
1385 947 1425 975 et
1449 951 1608 986 quoque
1633 942 1742 986 quod

257 981 365 1018 Deus
390 995 492 1018 unus
516 984 579 1019 sit.
629 983 746 1029 Quod
773 985 894 1020 homo
919 996 967 1020 ex
992 986 1079 1020 solo
1104 986 1253 1020 influxu
1279 987 1379 1021 sciat
1406 993 1447 1022 et
1471 988 1583 1032 quasi
1608 989 1744 1023 videat

255 1030 362 1075 quod
390 1029 498 1065 Deus
523 1042 625 1065 unus
649 1031 711 1070 sit,
730 1038 911 1066 constare
929 1039 1061 1077 potest
1081 1043 1129 1067 ex
1147 1034 1349 1067 communi
1367 1034 1544 1068 omnium
1562 1035 1743 1080 gentium

255 1076 515 1117 confessione,
533 1084 574 1112 et
593 1089 642 1112 ex
667 1078 797 1113 renisu
815 1078 1016 1124 cogitandi
1034 1079 1142 1124 quod
1161 1081 1290 1124 plures
1307 1080 1398 1116 sint.
1450 1081 1620 1116 Interior
1634 1082 1743 1128 cogi-

254 1123 355 1158 tatio
373 1123 556 1164 hominis,
574 1135 675 1169 quae
692 1131 752 1159 est
768 1125 959 1171 cogitatio
977 1126 1138 1171 spiritus
1155 1127 1252 1172 ejus,
1269 1128 1331 1162 vel
1353 1139 1401 1162 ex
1419 1127 1573 1163 inferno
1590 1132 1661 1168 est,
1679 1129 1742 1164 vel

255 1180 305 1204 ex
328 1170 439 1205 caelo
464 1177 542 1211 est;
571 1181 620 1205 ex
645 1170 799 1206 inferno
823 1179 884 1206 est
908 1179 1120 1218 antequam
1146 1181 1298 1208 remota
1315 1181 1408 1208 sunt
1429 1175 1541 1214 mala,
1560 1187 1608 1210 ex
1632 1176 1743 1221 caelo

255 1222 387 1251 autem
413 1217 508 1251 dum
534 1224 687 1252 remota
711 1225 814 1252 sunt.
864 1217 1036 1264 Quando
1061 1230 1109 1254 ex
1136 1219 1289 1255 inferno
1305 1227 1376 1261 est,
1393 1228 1489 1256 tunc
1514 1222 1636 1257 homo
1661 1234 1743 1258 non

254 1263 365 1298 videt
381 1263 488 1298 aliud
506 1275 623 1309 quam
641 1265 748 1309 quod
776 1264 927 1300 Natura
950 1266 1002 1300 sit
1028 1265 1146 1306 Deus,
1164 1274 1205 1301 et
1230 1267 1337 1312 quod
1365 1267 1548 1302 intimum
1568 1269 1743 1304 Naturae

254 1309 306 1344 sit
322 1310 429 1355 quod
446 1317 612 1345 vocatur
630 1309 830 1346 Divinum.
879 1312 986 1347 Talis
1003 1314 1234 1358 homo-post
1252 1321 1431 1354 mortem,
1450 1317 1545 1349 dum
1564 1316 1608 1350 fit
1628 1316 1743 1360 spiri-

253 1363 329 1395 tus.
346 1357 562 1401 quemlibet
579 1357 646 1403 qui
665 1358 842 1402 potentia
858 1360 974 1398 valet,
992 1367 1109 1394 vocat
1127 1361 1265 1400 deum:
1291 1368 1331 1395 et
1348 1372 1506 1407 quoque
1525 1362 1607 1407 ipse
1624 1363 1743 1398 affec-

253 1409 313 1438 tat
330 1404 548 1448 potentiam
563 1411 606 1438 ut
624 1404 778 1439 dicatur
794 1406 910 1446 deus;
934 1406 1024 1441 talis
1037 1407 1198 1442 vesania
1211 1415 1270 1442 est
1288 1409 1471 1443 omnibus
1486 1409 1598 1444 malis
1615 1410 1742 1444 latens

255 1449 294 1484 in
316 1450 456 1496 spiritu
482 1462 630 1486 eorum.
680 1450 851 1497 Quando
874 1460 1006 1487 autem
1034 1453 1155 1488 homo
1180 1465 1229 1489 ex
1251 1455 1361 1489 caelo
1386 1456 1545 1501 cogitat,
1564 1457 1670 1501 quod
1697 1457 1743 1491 fit

254 1496 349 1531 dum
367 1504 520 1532 remota
535 1505 628 1532 sunt
646 1499 758 1537 mala,
776 1506 872 1534 tunc
888 1500 998 1534 videt
1016 1511 1064 1535 ex
1081 1500 1168 1535 luce
1187 1501 1225 1535 in
1244 1502 1354 1536 caelo
1371 1503 1479 1547 quod
1500 1502 1607 1538 Deus
1624 1503 1686 1543 sit,
1701 1511 1751 1548 et,

253 1544 361 1624 qugd
381 1543 488 1579 Deus
505 1555 607 1580 unus
625 1545 687 1580 sit.
736 1545 854 1581 Visus
879 1557 927 1581 ex
952 1547 1039 1582 luce
1065 1558 1087 1582 e
1112 1548 1232 1588 caelo,
1252 1555 1312 1583 est
1329 1549 1398 1594 qui
1423 1549 1657 1596 intelligitur
1674 1562 1744 1595 per

253 1601 294 1625 m
325 1601 457 1626 uxum.

331 1714 466 1757 955·
500 1714 605 1752 [Vers.
621 1715 665 1753 8.]
694 1704 773 1744 “ft
791 1705 990 1758 impletum
1013 1711 1081 1747 est
1101 1708 1286 1760 templum
1310 1708 1418 1749 fumo
1441 1722 1496 1749 ex
1512 1710 1646 1762 ylom'a
1670 1710 1748 1750 oei

253 1769 298 1807 et
335 1766 479 1806 virtute
515 1766 885 1820 Ipsius-''—Quod
929 1769 1154 1822 significet
1194 1771 1414 1811 Divinum
1464 1771 1623 1812 Verum
1666 1787 1741 1812 scu

263 1830 448 1871 Verbum
470 1830 515 1871 in
536 1844 666 1871 sensu
687 1832 889 1873 naturali
909 1833 954 1873 in
980 1833 1069 1873 luce
1087 1841 1129 1874 et
1146 1835 1345 1886 potentia
1364 1849 1420 1875 ex
1438 1835 1602 1876 Divino
1630 1836 1671 1876 V
1667 1851 1740 1876 ero

250 1893 297 1934 in
318 1907 447 1934 sensu
471 1893 712 1945 spirituali,
733 1887 913 1936 constat
936 1910 994 1936 ex
1017 1896 1343 1953 significatione
1364 1898 1598 1951 “templi.”
1620 1899 1740 1952 quod

254 1957 313 1997 sit
344 1956 554 1996 Divinum
576 1956 746 1997 Verum
772 1971 849 1998 seu
867 1957 1068 1999 Verbum
1095 1961 1136 1999 in
1164 1974 1296 2000 sensu
1324 1961 1514 2001 naturali
1540 1961 1735 2002 illustra-

251 2023 349 2058 tum
374 2031 432 2058 ex
460 2017 625 2058 Divino
651 2017 776 2059 Vero
801 2020 844 2059 in
870 2033 1006 2060 sensu
1036 2021 1258 2073 spirituali
1285 2033 1340 2069 (de
1359 2041 1423 2069 qua
1442 2042 1547 2070 supra,
1562 2043 1594 2062 n.
1609 2024 1736 2074 948>2

251 2095 310 2122 ex
336 2083 662 2135 significatione
682 2083 990 2136 “fumi,‘’qu0d
1014 2085 1073 2124 sit
1099 2084 1355 2126 intelle&us
1380 2086 1517 2126 Verbi
1540 2088 1583 2126 in
1606 2101 1740 2127 sensu

251 2143 448 2182 naturali
487 2155 542 2190 (de
570 2164 634 2191 qua
656 2154 839 2193 sequitur);
885 2158 944 2184 ex
985 2145 1321 2196 significatione
1358 2147 1570 2198 “gloriae
1612 2147 1738 2193 Dei,”

251 2204 370 2256 quod
392 2205 448 2245 sit
474 2205 552 2245 lux
577 2205 703 2253 caeli,
722 2218 834 2257 quae
861 2211 930 2245 est
958 2205 1169 2246 Divinum
1188 2205 1356 2247 Verum
1382 2208 1426 2247 in
1449 2221 1581 2248 sensu
1606 2209 1732 2260 spiri-

250 2264 363 2304 tuali
388 2275 443 2312 (de
457 2285 521 2313 qua
541 2276 675 2314 [supraJ.
691 2265 835 2317 n.¹¹¹33,
853 2267 946 2310 288,
965 2275 1056 2318 345.
1078 2267 1175 2318 874)
1197 2282 1205 2316 ;
1248 2274 1293 2307 et
1320 2282 1379 2308 ex
1404 2269 1736 2321 significatione

252 2329 468 2369 “virtutis
505 2330 627 2378 Dei,”
658 2330 777 2383 quod
808 2331 865 2370 sit
898 2330 1061 2370 Divina
1092 2333 1323 2383 potentia;
1367 2333 1409 2372 in
1442 2333 1582 2373 Verbi
1618 2335 1736 2373 enirn

249 2404 382 2431 sensu
408 2393 596 2432 naturali
621 2407 679 2433 ex
706 2392 797 2446 ejus
822 2406 954 2432 sensu
985 2394 1200 2445 spirituali
1233 2402 1301 2434 est
1333 2395 1475 2447 gloria
1506 2403 1552 2436 et
1578 2397 1733 2443 virtus,

250 2466 327 2493 seu
353 2453 430 2494 lux
457 2461 503 2495 et
529 2457 747 2508 potentia,
776 2469 864 2495 non
891 2462 1041 2496 autem
1068 2457 1234 2509 absque
1267 2457 1342 2497 illo
1373 2471 1531 2498 sensu:
1564 2459 1733 2512 absque

249 2516 329 2557 illo
354 2531 485 2557 sensu
510 2524 613 2558 sunt
639 2518 701 2558 illi
733 2519 805 2571 qui
833 2518 1033 2558 Verbum
1065 2532 1154 2559 non
1186 2518 1391 2560 sanc'tum
1423 2521 1606 2569 habent,
1634 2523 1730 2574 qui-

248 2578 329 2619 bus
354 2579 456 2619 ideo
482 2579 691 2620 Divinum
718 2580 887 2621 Verum
914 2580 972 2620 ibi
1004 2588 1072 2621 est
1104 2582 1271 2634 absque
1298 2581 1395 2622 luce
1427 2589 1472 2623 et
1499 2585 1730 2635 potentia;

250 2646 320 2681 ast
342 2640 427 2681 illis
453 2642 526 2694 qui
544 2641 744 2682 Verbum
770 2641 973 2683 samstum
997 2643 1180 2690 habent,
1195 2651 1263 2684 est
1290 2644 1365 2684 illa
1392 2645 1469 2685 lux
1497 2653 1542 2686 et
1569 2653 1732 2697 poten-

249 2703 312 2743 tia
328 2717 338 2752 ;
369 2717 502 2744 causa
518 2711 601 2752 est,
621 2706 722 2758 quia
739 2705 782 2746 hi
801 2719 877 2758 per
895 2719 1074 2746 sensum
1093 2707 1367 2758 spiritualem
1386 2707 1608 2760 conjuntffi
1627 2715 1730 2749 sunt

249 2765 388 2812 caelo,
417 2768 599 2807 tametsi
634 2767 677 2807 id
711 2769 929 2808 nesciunt.
991 2768 1062 2807 Ex
1096 2769 1163 2807 his
1196 2782 1310 2808 nunc
1343 2776 1469 2822 patet
1501 2771 1619 2823 quod
1653 2784 1730 2823 per

253 2828 524 2880 “impletum
550 2836 619 2870 est
650 2831 870 2882 templum
896 2831 1016 2870 furno
1042 2845 1099 2870 ex
1127 2831 1374 2888 glorierDei
1401 2839 1447 2873 et
1478 2847 1536 2873 ex
1564 2834 1727 2873 virtute

250 2889 430 2942 Ipsius,”
456 2891 728 2943 significetur
753 2893 871 2946 quod
896 2893 1096 2933 Verbum
1123 2894 1165 2933 in
1193 2907 1324 2934 sensu
1348 2895 1536 2935 naturali
1563 2897 1604 2936 in
1632 2896 1729 2937 luce
