1962 3328
592 299 699 332 CAP.
722 298 878 339 xv111.,
901 298 1039 332 VERs.
1067 298 1236 343 13.—N.
1263 299 1381 344 1151.
1518 271 1522 273 ’
1619 286 1737 344 -“2773

253 417 316 446 tra
334 421 466 457 regem
487 417 527 446 et
546 421 637 446 cum
663 422 764 457 rege,
786 411 910 447 immo
933 417 1073 446 contra
1093 410 1227 456 Deum
1244 416 1285 445 et
1308 421 1399 445 cum
1421 409 1535 446 Deo?
1561 410 1631 445 sed
1657 421 1737 445 non

253 457 347 493 licet
362 458 398 492 ei
416 457 525 503 loqui
542 464 583 492 et
600 457 728 493 facere
745 458 879 493 omnia
895 469 996 504 quae
1013 457 1164 503 cogitat
1178 463 1221 492 et
1233 457 1329 492 vult.
1372 456 1474 492 Sunt
1490 457 1653 492 timores
1669 458 1738 503 qui

253 510 416 540 externa
433 511 592 550 cogunt.
610 505 680 540 sed
706 504 761 539 illi
787 515 866 539 non
893 504 1065 544 interna:
1090 515 1210 539 causa
1233 510 1303 543 est,
1322 504 1415 550 quia
1439 510 1602 539 externa
1618 503 1739 539 refor-

253 550 400 586 manda
414 544 598 596 sunt²per
614 550 778 591 interna,
796 558 837 586 et
857 561 936 586 non
959 551 1113 586 interna
1133 561 1202 596 per
1218 557 1390 590 externa,
1409 550 1607 585 internum
1632 550 1737 585 enim

253 596 383 632 influit
412 596 452 632 in
478 604 685 632 externum
714 604 755 632 et
785 609 864 633 non
893 598 1089 633 vicissim:
1119 597 1273 632 interna
1298 597 1417 632 etiam
1452 604 1545 632 sunt
1577 597 1739 642 spiritus

252 643 436 689 hominis,
463 651 504 679 et
531 651 694 679 externa
719 651 813 679 sunt
840 645 1016 690 corporis
1045 645 1149 690 ejus;
1182 651 1223 679 et
1251 644 1345 689 quia
1372 644 1533 690 spiritus
1566 644 1739 679 hominis

253 689 527 726 reformandus
551 697 622 731 est,
644 691 734 726 ideo
759 691 824 726 hic
849 702 929 726 non
955 691 1122 737 cogitur.
1172 690 1274 726 Sunt
1298 702 1423 736 usque
1448 690 1646 728 wtimorae
1670 691 1738 735 qui

251 743 402 783 cogunt
423 737 576 772 interna
595 748 663 772 seu
685 737 866 783 spiritum
893 738 1076 778 hominis,
1094 738 1163 773 sed
1189 749 1269 772 non
1295 737 1360 772 alii
1386 749 1503 784 quam
1529 738 1692 772 timores
1717 748 1740 772 e

252 783 403 818 mundo
418 783 610 829 spirituali
630 784 848 825 influentes,
863 785 930 830 qui
948 791 1041 820 sunt
1057 785 1107 819 ab
1124 795 1203 819 una
1220 791 1330 830 parte
1348 795 1419 830 pro
1430 785 1568 830 poenis
1587 784 1738 823 inferni,

250 836 293 866 et
308 829 432 866 altera
445 841 516 876 pro
530 841 610 865 non
621 831 749 877 gratia
762 832 868 877 apud
886 831 1034 866 Deum:
1059 831 1128 866 sed
1146 831 1268 866 timor
1279 842 1351 876 pro
1362 831 1500 876 poenis
1515 831 1666 871 inferni,
1678 838 1740 866 est

250 883 435 912 externus
447 877 701 923 cogitationis
715 885 755 912 et
767 878 1002 919 voluntatis;
1028 878 1149 913 timor
1161 885 1294 913 autem
1312 888 1384 923 pro
1397 889 1477 913 non
1490 878 1618 924 gratia
1633 878 1738 923 apud

253 922 381 959 Deum
399 930 460 959 est
477 924 654 959 internus
673 924 837 965 illarum,
855 932 895 960 et
913 932 974 960 est
990 925 1111 960 timor
1127 923 1287 960 sancius
1304 924 1371 970 qui
1389 936 1431 960 se
1451 924 1564 959 addit
1583 931 1624 960 et
1644 935 1740 960 con-

249 970 380 1016 jungit
396 970 531 1010 amori,
549 981 638 1006 cum
660 982 740 1016 quo
764 972 925 1006 tandem
952 983 1072 1006 unam
1098 972 1309 1007 essentiam
1335 971 1449 1013 facin
1479 971 1525 1006 fit
1549 971 1651 1007 sicut
1671 972 1738 1016 qui

250 1023 359 1053 amat
373 1017 557 1063 aliquem,
575 1028 692 1064 quem
709 1029 759 1053 ex
775 1029 909 1053 amore
926 1018 1042 1053 timet
1058 1018 1224 1054 laedere.

321 1138 476 1183 1151.
504 1129 583 1169 “ft
595 1133 838 1182 unquentum
854 1134 900 1170 et
913 1129 1244 1182 thu³.'¹—Qu0d
1265 1129 1490 1183 significet
1506 1130 1669 1172 cultum
1683 1145 1741 1171 ex

251 1205 399 1234 amore
417 1193 964 1246 spiritualiprofanatum,
986 1200 1169 1235 constat
1190 1208 1249 1234 ex
1272 1193 1599 1247 significatione
1618 1197 1738 1236 “un-

243 1246 448 1308 'guentis’
469 1255 588 1308 quod
611 1256 670 1295 sit
691 1255 861 1295 bonum
882 1255 1049 1295 amoris
1069 1255 1316 1308 spiritualis
1337 1265 1393 1304 (de
1405 1274 1470 1302 qua
1481 1266 1636 1304 sequitur)
1653 1270 1663 1306 ;
1689 1263 1736 1297 et

250 1332 311 1360 ex
325 1317 658 1372 significatione
675 1322 701 1338 ‘⁴
714 1317 899 1364 thuris,”
914 1317 1035 1370 quod
1052 1318 1111 1358 sit
1125 1330 1282 1357 verum
1297 1318 1405 1357 boni
1422 1318 1667 1370 spiritualis
1685 1329 1741 1366 (de

248 1388 462 1437 9ua[supra].
474 1397 506 1417 n.
519 1387 620 1429 491)
637 1390 646 1416 :
678 1377 798 1430 quod
815 1378 872 1417 sit
890 1389 1018 1417 amor
1034 1376 1281 1430 spiritualis
1303 1377 1377 1430 qui
1394 1389 1474 1429 per
1492 1381 1518 1396 “
1530 1390 1737 1430 unguen-

250 1449 347 1484 tum
371 1448 418 1483 et
448 1441 552 1482 thus
563 1440 582 1455 ‘’
605 1439 892 1494 significatur,
916 1447 985 1481 est
1016 1441 1118 1494 quia
1143 1440 1317 1481 suffitus
1342 1454 1421 1493 per
1444 1441 1522 1481 illa
1551 1441 1735 1489 fiebant,

249 1511 298 1547 et
321 1503 573 1553 “suffitus,”
595 1517 654 1544 ex
680 1503 800 1544 sumo
824 1503 1052 1556 fragrante
1074 1503 1148 1557 qui
1172 1510 1231 1543 ex
1257 1504 1361 1556 igne
1387 1502 1545 1544 saneto
1567 1505 1610 1544 in
1633 1505 1738 1546 thu-

249 1567 401 1608 ribulis
421 1566 710 1614 ascendebat,
729 1565 1041 1620 significabant
1063 1579 1263 1607 amorem
1285 1566 1587 1618 spiritualem;
1613 1581 1740 1608 amor

249 1629 489 1683 spiritualis
519 1635 589 1669 est
628 1642 754 1669 amor
783 1642 891 1681 erga
921 1629 1192 1681 proximum,
1220 1629 1294 1681 qui
1330 1642 1465 1668 unum
1495 1629 1601 1671 facit
1637 1643 1738 1671 cum

235 1705 402 1734 amore
424 1705 594 1732 usuum.
654 1691 769 1732 Sunt
790 1691 881 1731 bini
907 1705 1083 1732 amores
1105 1691 1229 1739 caeli,
1256 1698 1303 1732 et
1324 1691 1428 1732 inde
1450 1692 1540 1732 bini
1561 1689 1739 1734 amores

249 1755 479 1802 ecclesiae,
506 1768 566 1794 ex
597 1754 755 1807 quibus
788 1754 1009 1794 Dominus
1040 1754 1227 1804 colitur;
1269 1767 1395 1794 amor
1426 1754 1635 1796 caelestis
1665 1757 1739 1809 qui

202 1853 210 1861 .
249 1823 320 1859 est
349 1830 476 1858 amor
510 1817 554 1856 in
593 1816 852 1864 Dominum,
890 1824 936 1857 et
971 1830 1098 1857 amor
1127 1816 1368 1870 spiritualis
1403 1818 1477 1870 qui
1513 1824 1584 1858 est
1614 1832 1740 1859 amor

251 1893 360 1932 erga
377 1879 630 1932 proximum
651 1893 660 1928 ;
692 1880 809 1931 prior
825 1892 951 1919 amor
975 1879 1253 1931 significatur
1269 1892 1348 1931 per
1367 1883 1392 1898 ‘⁴
1406 1881 1739 1921 cinnamomum

243 1949 295 1989 et
316 1941 650 1990 odoramenta,’'
666 1943 886 1994 posterior
906 1955 986 1994 per
1005 1945 1322 1995 “unguentum
1345 1948 1391 1982 et
1413 1942 1518 1983 thus
1534 1943 1568 1983 :'’
1593 1945 1739 1984 omnis

249 2006 387 2046 etiam
413 2005 560 2046 cultus
585 2011 655 2046 est
681 2019 739 2045 ex
771 2018 922 2045 amore
943 2018 953 2055 ;
986 2004 1134 2045 cultus
1159 2005 1232 2058 qui
1263 2018 1354 2045 non
1386 2019 1446 2045 ex
1467 2019 1619 2046 amore
1650 2019 1739 2047 uno

246 2074 327 2110 aut
355 2067 500 2109 altero
531 2073 614 2116 est,
648 2080 738 2107 non
770 2074 838 2108 est
870 2067 1042 2117 cultus;
1082 2073 1151 2108 est
1183 2068 1319 2108 modo
1350 2066 1476 2108 aEtus
1506 2075 1736 2116 externus,

249 2130 294 2173 in
314 2144 404 2184 quo
425 2129 532 2170 nihil
554 2129 770 2170 ecclesiae
787 2130 908 2170 intus
929 2136 1011 2170 est.
1065 2129 1199 2182 Quod
1220 2129 1468 2170 suffitiones
1486 2131 1656 2171 cultum
1675 2145 1733 2172 ex

247 2203 404 2232 amore
426 2190 647 2243 spirituali
669 2189 1040 2242 significaverint,
1063 2191 1271 2231 videatur
1296 2190 1469 2244 [supra]
1498 2202 1544 2238 (n.
1566 2202 1736 2242 324[b‚e],

247 2263 344 2304 491.
362 2263 459 2305 492.
477 2264 573 2305 494,
598 2252 706 2305 567).
765 2252 847 2292 Per
866 2256 891 2272 “
910 2258 1194 2305 unguentum
1207 2252 1227 2267 ”
1244 2253 1524 2305 significatur
1544 2253 1588 2293 id
1614 2255 1735 2307 quod

249 2329 309 2359 ex
333 2317 605 2358 aromatibus
630 2315 883 2357 confestum
908 2323 991 2363 est,
1016 2330 1075 2357 ex
1097 2330 1186 2370 quo
1210 2316 1459 2358 suffitiones
1481 2317 1663 2367 fiebant,
1688 2326 1736 2360 ut

202 2388 205 2389 ’
249 2385 456 2421 constare
478 2385 630 2433 potest
652 2394 711 2420 ex
738 2379 807 2420 his
828 2379 946 2432 apud
965 2378 1133 2427 Mosen,

314 2475 472 2516 “Accipe
496 2476 559 2507 tibi
583 2482 743 2506 aromata
766 2475 970 2515 fragrantia,
988 2473 1125 2506 stadten
1143 2481 1178 2506 et
1197 2475 1371 2516 onychen.
1392 2482 1426 2506 et
1445 2475 1650 2515 galbanum,
1668 2476 1738 2508 fra-

420 2519 571 2559 grantia,
585 2525 620 2550 et
635 2519 717 2550 thus
728 2528 854 2560 purum
870 2528 893 2555 ;.
908 2543 916 2550 .
930 2543 937 2550 .
952 2525 1002 2550 ‚et
1015 2519 1123 2549 facies
1144 2519 1229 2550 illud
1246 2519 1497 2556 suffimentum,
1512 2527 1736 2560 unguentum

421 2572 512 2603 opus
528 2562 764 2602 unguentarii,
781 2561 937 2598 salitum,
955 2571 1092 2602 purum,
1110 2561 1273 2593 sanftum
1288 2571 1295 2598 ;
1320 2569 1355 2593 et
1371 2563 1499 2594 tundes
1523 2572 1567 2594 ex
1588 2563 1648 2594 illo
1672 2564 1738 2594 mi-

422 2605 546 2643 nutim,
563 2612 598 2636 et
620 2606 720 2636 dabis
744 2605 788 2636 de
812 2605 874 2636 illo
898 2612 981 2636 ante
1005 2605 1249 2636 testimonium
1275 2606 1310 2636 in
1331 2605 1502 2636 Tentorio
1526 2613 1736 2645 conventus,

420 2653 490 2689 quo
502 2649 712 2680 conveniam
729 2655 764 2680 te
780 2649 828 2679 ibi
842 2658 850 2687 ;
874 2647 1037 2680 sanetum
1055 2646 1260 2680 sanc‘torum
1280 2649 1346 2680 erit
1361 2649 1464 2680 vobis
1477 2648 1495 2660 '‘
1512 2649 1637 2689 (Exod.
1653 2660 1734 2682 xxx.

421 2694 541 2732 34-37)
554 2701 562 2730 ;

249 2786 323 2827 ubi
354 2787 504 2828 omnia
539 2785 615 2826 illa
650 2786 780 2826 simul
810 2793 1028 2827 vocantur
1062 2789 1379 2839 “unguentum
1411 2789 1696 2840 unguentarii
1713 2788 1733 2803 ‘'

250 2848 347 2887 (quae
359 2849 537 2886 singillatim
553 2848 708 2886 explicata
721 2849 836 2878 suntin
851 2849 991 2877 Arcanis
1009 2848 1205 2883 Caelestibus,
1221 2857 1252 2877 n.
1270 2847 1551 2887 10289-[²110308).
