1962 3328
572 314 639 346 m:
670 314 852 346 mva
882 314 1311 347 SAPIENTIA.—VI1.
1631 307 1687 361 67

194 428 256 469 sic
286 427 513 468 reformari
545 434 591 468 et
622 427 887 480 regenerari.
948 427 1187 468 Praeterea
1217 429 1290 468 ubi
1325 435 1566 470 externum
1598 437 1683 480 est,

193 491 252 531 ibi
287 491 424 531 etiam
460 491 683 531 internum
715 491 826 540 erit3
866 490 951 530 hoc
988 491 1071 531 erit
1107 491 1151 530 in
1188 492 1310 531 omni
1344 490 1522 532 afflone
1558 499 1604 534 et
1640 495 1685 533 in

192 554 314 594 omni
336 554 618 603 sensatione;
650 559 891 593 externum
912 553 991 593 dat
1013 566 1250 594 commune
1271 561 1318 594 et
1343 555 1568 596 internum
1590 557 1684 597 sin-

194 615 363 668 gulare,
390 622 436 656 et
467 616 540 656 ubi
572 629 661 656 non
693 629 929 656 commune
954 629 1038 656 nec
1069 615 1140 657 est
1171 617 1409 670 singulare.
1470 618 1583 659 Inde
1612 626 1684 660 est

193 678 313 731 quod
338 685 433 718 tam
456 685 672 718 externus
692 691 825 731 quam
851 680 1052 719 internus
1077 686 1226 720 motus
1251 680 1491 732 systolicus
1517 688 1563 722 et
1588 683 1684 722 ani·

193 742 407 781 mator-’ius
429 741 546 794 apud
569 741 773 781 homines
795 741 939 789 detur,
963 748 1180 782 externus
1200 743 1274 795 qui
1296 743 1524 791 naturalis,
1548 751 1594 785 et
1620 746 1686 785 in·

193 810 346 844 ternus
361 805 436 857 qui
453 803 704 856 spiritualis.
759 802 830 844 Sic
848 805 985 844 etiam
1002 805 1213 845 voluntas
1230 819 1316 846 una
1331 819 1433 846 cum
1450 806 1684 848 intelletffffi

191 872 344 919 potest
361 867 605 919 producere
619 873 769 906 motus
782 879 1036 919 corporeOS,
1053 874 1099 907 et
1117 881 1293 921 quoque
1310 867 1568 909 intellefi‘cus
1583 883 1684 910 cum

150 933 153 934 ⁷
190 929 427 970 voluntate
443 931 687 983 producere
703 944 859 971 sensus
876 944 1129 984 corporeos.
1175 931 1447 973 Communes
1464 940 1511 974 et
1529 935 1682 987 singu·

192 991 308 1032 lares
323 992 475 1045 pulsus
491 1000 538 1034 et
555 994 871 1046 respirationes
887 994 1024 1034 etiam
1041 995 1207 1035 dantur
1221 996 1265 1035 in
1283 995 1437 1036 bestiis
1454 1010 1463 1046 ;
1490 997 1570 1037 sed
1587 1003 1683 1037 tam

190 1061 431 1096 externum
457 1069 590 1109 quam
617 1057 840 1097 internum
866 1057 983 1109 apud
1014 1057 1115 1097 illas
1145 1064 1215 1098 est
1246 1058 1464 1106 naturale,
1491 1067 1538 1100 at
1564 1061 1683 1113 apud

190 1117 418 1158 hominem
440 1126 680 1159 externum
702 1126 771 1160 est
794 1119 1011 1167 naturale,
1030 1133 1082 1160 ac
1104 1121 1329 1161 internum
1350 1129 1420 1162 est
1440 1123 1682 1175 spirituale.

191 1179 359 1229 Verbo,
377 1181 519 1234 qualis
535 1189 604 1222 est
626 1180 881 1222 intellee'tus
898 1182 1001 1222 talis
1018 1190 1087 1223 est
1105 1184 1352 1236 respiratio,
1371 1185 1473 1237 quia
1490 1185 1593 1225 talis
1610 1192 1680 1226 est

190 1243 370 1296 spiritus
388 1244 580 1284 hominis
596 1258 605 1294 ;
637 1245 815 1298 spiritus
833 1252 902 1285 est
920 1246 992 1298 qui
1014 1259 1072 1286 ex
1095 1244 1327 1286 intellectu
1345 1248 1534 1299 cogitat,
1553 1255 1599 1288 et
1621 1262 1681 1288 ex

189 1306 426 1347 voluntate
442 1307 552 1348 vult.
607 1307 672 1349 Ut
689 1308 941 1360 spirituales
958 1308 1061 1348 illae
1077 1310 1361 1361 operationes
1378 1309 1558 1350 influere
1576 1324 1681 1363 pos-

190 1369 281 1410 sint
305 1370 349 1409 in
375 1383 549 1423 corpus,
571 1383 623 1410 ac
646 1370 752 1411 dare
776 1370 945 1411 homini
969 1371 1172 1424 cogitare
1192 1378 1239 1412 et
1261 1372 1379 1412 velle
1401 1373 1677 1420 naturaliter,

189 1432 273 1472 erit
289 1433 522 1486 respiratio
540 1440 587 1473 et
609 1433 760 1486 pulsus
776 1434 956 1486 spiritus
974 1433 1198 1486 conjunffi
1214 1435 1494 1487 respirationi
1512 1443 1558 1476 et
1581 1437 1679 1489 pul-

189 1495 255 1535 sui
278 1495 490 1548 corporiS,
511 1508 564 1536 ac
590 1495 782 1535 influxus
808 1497 934 1536 unius
959 1497 1003 1536 in
1029 1497 1249 1548 alterum;
1280 1497 1411 1539 aliter
1432 1512 1522 1538 non
1548 1499 1680 1539 datur

189 1557 439 1598 translatio.

186 1678 220 1711 4.
254 1677 351 1714 Quod
372 1677 441 1712 rim
463 1678 627 1721 corpor-1⁶8,
643 1689 733 1722 quae
755 1682 813 1712 est
832 1679 1013 1717 natur-alis,
1031 1680 1162 1714 existat
1182 1683 1220 1714 et
1238 1681 1412 1715 subsistat
1429 1692 1495 1724 per
1515 1682 1680 1716 innuxum

319 1722 425 1760 illum,
442 1725 480 1756 et
492 1723 585 1766 quod
596 1723 735 1756 desinat
743 1733 810 1766 pet·
824 1724 1045 1757 remotionem
1062 1725 1148 1767 ejus,
1165 1725 1215 1758 ita
1227 1735 1293 1768 pet·
1307 1726 1571 1769 separationem.

273 1800 407 1854 Quod
433 1802 569 1842 homo
594 1809 698 1855 post
719 1809 912 1843 mortem
934 1803 991 1843 sit
1013 1817 1154 1857 aeque
1176 1803 1312 1844 homo
1333 1811 1382 1845 ut
1407 1804 1548 1846 fuerat
1570 1813 1677 1847 ante

189 1864 327 1913 illam,
359 1865 438 1905 sed
469 1865 588 1917 quod
619 1872 722 1918 post
754 1872 945 1906 mortem
977 1865 1055 1906 fiat
1086 1867 1265 1919 spiritus
1295 1867 1447 1916 homo,
1474 1875 1543 1909 est
1574 1870 1677 1922 quia

189 1927 418 1980 spirituale
448 1927 539 1979 ejus
570 1926 827 1980 adjunetum
859 1925 965 1969 est1¹¹
990 1929 1181 1969 naturali
1217 1929 1323 1981 ejus.
1356 1944 1435 1970 seu
1465 1931 1675 1972 substan-

187 1989 295 2030 tiale
319 1990 497 2042 spiritus
522 1990 739 2031 materiali
765 1992 975 2044 corporis,
1003 1998 1096 2031 tam
1122 1993 1339 2046 adaptate
1364 2000 1411 2034 et
1437 1995 1595 2034 unitim
1627 2003 1676 2036 ut

189 2065 280 2093 non
310 2053 368 2093 sit
400 2052 573 2100 fibrilla,
602 2054 909 2102 staminatum,
941 2060 1018 2095 aut
1049 2055 1231 2095 minima
1261 2055 1355 2096 tela
1384 2070 1443 2097 ex
1475 2057 1575 2105 illis,
1603 2058 1676 2098 ubi

189 2128 278 2155 non
309 2115 552 2156 humanum
579 2116 758 2168 spiritus
786 2129 873 2156 una
897 2115 1004 2157 est¹¹1
1030 2130 1129 2157 cum
1160 2118 1357 2159 humano
1382 2133 1594 2173 corpore;
1627 2128 1674 2162 et

187 2178 288 2230 quia
311 2179 406 2218 vita
430 2179 569 2218 totius
594 2185 641 2219 et
666 2179 759 2219 vita
789 2180 980 2231 partium
1006 2181 1135 2220 unice
1164 2182 1365 2233 pendent
1391 2196 1417 2222 a
1448 2183 1560 2222 binis
1588 2183 1675 2223 illis

187 2241 383 2281 motibus
413 2241 746 2289 universalibus,
780 2248 905 2282 motu
936 2243 1152 2294 systolico
1183 2244 1328 2284 cordis
1358 2251 1406 2285 et
1443 2252 1568 2286 motu
1603 2260 1674 2286 re-

187 2304 422 2356 spiratorio
443 2303 679 2356 pulmonis,
702 2305 900 2357 sequitur
923 2303 1082 2358 [quod]
1106 2305 1212 2346 dum
1235 2314 1414 2347 cessant
1435 2307 1499 2347 illi
1524 2315 1674 2348 motus

186 2366 231 2406 in
255 2378 442 2419 corpore
467 2374 729 2419 separentur
753 2367 972 2407 naturalia
992 2381 1106 2421 quae
1131 2376 1235 2409 sunt
1260 2369 1509 2410 materialia
1533 2384 1560 2410 a
1584 2372 1672 2425 spi-

186 2428 417 2469 ritualibus
441 2442 555 2482 quae
580 2436 684 2470 sunt
710 2429 1036 2478 substantialia,
1064 2444 1154 2471 non
1179 2432 1297 2471 enim
1329 2439 1517 2485 possunt
1542 2434 1673 2474 simul

186 2491 375 2532 eandem
400 2505 583 2545 operam
607 2506 768 2545 agere;
800 2506 935 2546 quare
959 2494 1079 2546 quod
1107 2494 1249 2547 ipsum
1274 2508 1416 2547 agens
1441 2502 1525 2544 est,
1552 2497 1672 2549 quod

186 2560 256 2595 est
280 2554 522 2607 spirituale,
548 2555 717 2596 recedit
742 2569 768 2596 a
793 2555 979 2608 singulis
1004 2570 1117 2609 quae
1142 2557 1405 2609 agebantur,
1429 2572 1541 2611 quae
1566 2566 1671 2600 sunt

186 2617 418 2664 naturalia.
450 2630 503 2658 ac
534 2618 596 2658 sic
633 2618 769 2659 homo
799 2617 849 2659 fit
884 2618 1020 2659 homo
1050 2619 1174 2659 alius.
1255 2619 1382 2661 Haec
1418 2621 1570 2674 itaque
1601 2629 1671 2662 est

186 2692 304 2720 mors
328 2680 533 2728 hominis,
557 2687 603 2721 et
628 2680 739 2722 haec
765 2687 834 2722 est
859 2680 1123 2722 resurreetio
1147 2682 1264 2734 ejus,
1296 2683 1353 2723 de
1374 2697 1461 2736 qua
1485 2698 1544 2724 ex
1570 2686 1671 2725 viva

185 2743 465 2796 experientia
489 2743 724 2784 videantur
748 2743 895 2797 aliqua
925 2745 969 2784 in
1000 2758 1135 2798 opere
1165 2745 1233 2786 De
1263 2745 1392 2787 Caelo
1420 2753 1463 2787 et
1490 2747 1671 2798 Inferna

188 2804 251 2857 (n.
275 2814 485 2857 445-452‚
510 2806 719 2858 453-460,
744 2806 975 2860 461-469).

269 2866 404 2920 Quod
429 2875 643 2921 appareat
667 2870 782 2910 sicut
808 2869 944 2910 homo
970 2877 1170 2911 mortuus
1196 2872 1253 2912 sit
1275 2871 1455 2924 quando
1480 2872 1668 2924 respira-

185 2929 249 2971 tio
276 2937 424 2971 cessat
453 2929 629 2984 [notum
655 2931 773 2985 est];
814 2933 893 2973 sed
925 2946 1062 2986 usque
1094 2947 1183 2974 non
1216 2935 1333 2987 prius
1365 2941 1565 2975 mortuus
1596 2942 1667 2976 est
