<?xml version="1.0" encoding="UTF-8"?>
<!DOCTYPE html PUBLIC "-//W3C//DTD XHTML 1.0 Transitional//EN"
    "http://www.w3.org/TR/xhtml1/DTD/xhtml1-transitional.dtd">
<html xmlns="http://www.w3.org/1999/xhtml" xml:lang="en" lang="en">
 <head>
  <title>
</title>
<meta http-equiv="Content-Type" content="text/html;charset=utf-8" />
  <meta name='ocr-system' content='tesseract 3.04.00' />
  <meta name='ocr-capabilities' content='ocr_page ocr_carea ocr_par ocr_line ocrx_word'/>
</head>
<body>
  <div class='ocr_page' id='page_1' title='image "apocalypsisexpli05sweduoft_0041.png"; bbox 0 0 1962 3328; ppageno 0'>
   <div class='ocr_carea' id='block_1_1' title="bbox 0 0 235 3328">
    <p class='ocr_par' dir='ltr' id='par_1_1' title="bbox 0 0 235 3328">
     <span class='ocr_line' id='line_1_1' title="bbox 0 0 235 3328; baseline 0 0"><span class='ocrx_word' id='word_1_1' title='bbox 0 0 235 3328; x_wconf 95' lang='lat' dir='ltr'><strong><em> </em></strong></span> 
     </span>
    </p>
   </div>
   <div class='ocr_carea' id='block_1_2' title="bbox 666 239 1743 293">
    <p class='ocr_par' dir='ltr' id='par_1_2' title="bbox 666 239 1743 293">
     <span class='ocr_line' id='line_1_2' title="bbox 666 239 1743 293; baseline -0.002 -11"><span class='ocrx_word' id='word_1_2' title='bbox 666 249 772 282; x_wconf 77' lang='lat' dir='ltr'><strong>CAP.</strong></span> <span class='ocrx_word' id='word_1_3' title='bbox 794 249 890 289; x_wconf 71' lang='lat' dir='ltr'><strong><em>xv„</em></strong></span> <span class='ocrx_word' id='word_1_4' title='bbox 914 248 1050 281; x_wconf 79' lang='lat' dir='ltr'><strong><em>VERs.</em></strong></span> <span class='ocrx_word' id='word_1_5' title='bbox 1070 239 1219 280; x_wconf 77' lang='grc' dir='ltr'><strong>6.-Ν.</strong></span> <span class='ocrx_word' id='word_1_6' title='bbox 1241 249 1336 293; x_wconf 84' lang='lat'><strong>952.</strong></span> <span class='ocrx_word' id='word_1_7' title='bbox 1518 275 1520 277; x_wconf 76' lang='grc'>,</span> <span class='ocrx_word' id='word_1_8' title='bbox 1632 250 1658 281; x_wconf 88' lang='lat'><strong>2</strong></span> <span class='ocrx_word' id='word_1_9' title='bbox 1664 249 1685 292; x_wconf 81' lang='lat'><strong>5</strong></span> <span class='ocrx_word' id='word_1_10' title='bbox 1694 249 1743 292; x_wconf 87' lang='lat'><strong><em>13</em></strong></span> 
     </span>
    </p>
   </div>
   <div class='ocr_carea' id='block_1_3' title="bbox 259 362 1745 502">
    <p class='ocr_par' dir='ltr' id='par_1_3' title="bbox 259 362 1745 502">
     <span class='ocr_line' id='line_1_3' title="bbox 259 362 1742 410; baseline 0 -12"><span class='ocrx_word' id='word_1_11' title='bbox 259 370 352 398; x_wconf 87' lang='lat' dir='ltr'><strong><em>runt</em></strong></span> <span class='ocrx_word' id='word_1_12' title='bbox 377 364 453 399; x_wconf 88' lang='lat' dir='ltr'><strong><em>illis</em></strong></span> <span class='ocrx_word' id='word_1_13' title='bbox 477 364 605 410; x_wconf 91' lang='lat' dir='ltr'><strong><em>primo</em></strong></span> <span class='ocrx_word' id='word_1_14' title='bbox 623 364 712 398; x_wconf 90' lang='lat' dir='ltr'><strong><em>loco</em></strong></span> <span class='ocrx_word' id='word_1_15' title='bbox 732 374 781 399; x_wconf 85' lang='lat' dir='ltr'><strong><em>ae</em></strong></span> <span class='ocrx_word' id='word_1_16' title='bbox 802 374 898 398; x_wconf 90' lang='lat' dir='ltr'><strong><em>usus</em></strong></span> <span class='ocrx_word' id='word_1_17' title='bbox 914 363 1107 403; x_wconf 68' lang='lat' dir='ltr'><strong><em>secundm</em></strong></span> <span class='ocrx_word' id='word_1_18' title='bbox 1136 363 1244 408; x_wconf 88' lang='lat' dir='ltr'><strong><em>quod</em></strong></span> <span class='ocrx_word' id='word_1_19' title='bbox 1270 363 1376 397; x_wconf 88' lang='lat' dir='ltr'><strong><em>enim</em></strong></span> <span class='ocrx_word' id='word_1_20' title='bbox 1402 362 1531 408; x_wconf 88' lang='lat' dir='ltr'><strong><em>primo</em></strong></span> <span class='ocrx_word' id='word_1_21' title='bbox 1557 363 1647 398; x_wconf 91' lang='lat' dir='ltr'><strong><em>loco</em></strong></span> <span class='ocrx_word' id='word_1_22' title='bbox 1671 370 1742 403; x_wconf 87' lang='lat' dir='ltr'><strong><em>est.</em></strong></span> 
     </span>
     <span class='ocr_line' id='line_1_4' title="bbox 259 410 1745 456; baseline 0 -12"><span class='ocrx_word' id='word_1_23' title='bbox 259 411 336 445; x_wconf 92' lang='lat' dir='ltr'><strong><em>hoc</em></strong></span> <span class='ocrx_word' id='word_1_24' title='bbox 359 418 479 456; x_wconf 84' lang='lat' dir='ltr'><strong><em>caput</em></strong></span> <span class='ocrx_word' id='word_1_25' title='bbox 503 417 583 451; x_wconf 88' lang='lat' dir='ltr'><strong><em>est;</em></strong></span> <span class='ocrx_word' id='word_1_26' title='bbox 617 418 657 445; x_wconf 92' lang='lat' dir='ltr'><strong><em>et</em></strong></span> <span class='ocrx_word' id='word_1_27' title='bbox 681 411 788 456; x_wconf 91' lang='lat' dir='ltr'><strong><em>quod</em></strong></span> <span class='ocrx_word' id='word_1_28' title='bbox 814 411 1000 449; x_wconf 78' lang='lat' dir='ltr'><strong><em>secundo,</em></strong></span> <span class='ocrx_word' id='word_1_29' title='bbox 1027 410 1104 444; x_wconf 91' lang='lat' dir='ltr'><strong><em>hoc</em></strong></span> <span class='ocrx_word' id='word_1_30' title='bbox 1129 410 1249 454; x_wconf 88' lang='lat' dir='ltr'><strong><em>pedes</em></strong></span> <span class='ocrx_word' id='word_1_31' title='bbox 1275 416 1386 450; x_wconf 88' lang='lat' dir='ltr'><strong><em>sunt;</em></strong></span> <span class='ocrx_word' id='word_1_32' title='bbox 1420 416 1460 444; x_wconf 89' lang='lat' dir='ltr'><strong><em>et</em></strong></span> <span class='ocrx_word' id='word_1_33' title='bbox 1488 410 1597 455; x_wconf 90' lang='lat' dir='ltr'><strong><em>quod</em></strong></span> <span class='ocrx_word' id='word_1_34' title='bbox 1623 417 1745 455; x_wconf 87' lang='lat' dir='ltr'><strong><em>caput</em></strong></span> 
     </span>
     <span class='ocr_line' id='line_1_5' title="bbox 260 457 1440 502; baseline 0 -10"><span class='ocrx_word' id='word_1_35' title='bbox 260 464 330 497; x_wconf 89' lang='lat' dir='ltr'><strong><em>est,</em></strong></span> <span class='ocrx_word' id='word_1_36' title='bbox 350 457 427 492; x_wconf 89' lang='lat' dir='ltr'><strong><em>hoc</em></strong></span> <span class='ocrx_word' id='word_1_37' title='bbox 441 465 619 498; x_wconf 84' lang='lat' dir='ltr'><strong><em>amatur;</em></strong></span> <span class='ocrx_word' id='word_1_38' title='bbox 643 464 684 492; x_wconf 89' lang='lat' dir='ltr'><strong><em>et</em></strong></span> <span class='ocrx_word' id='word_1_39' title='bbox 700 457 807 502; x_wconf 88' lang='lat' dir='ltr'><strong><em>quod</em></strong></span> <span class='ocrx_word' id='word_1_40' title='bbox 826 457 948 502; x_wconf 64' lang='lat' dir='ltr'><strong><em>pedoe</em></strong></span> <span class='ocrx_word' id='word_1_41' title='bbox 963 463 1067 496; x_wconf 86' lang='lat' dir='ltr'><strong><em>sunt,</em></strong></span> <span class='ocrx_word' id='word_1_42' title='bbox 1086 457 1163 491; x_wconf 90' lang='lat' dir='ltr'><strong><em>hoc</em></strong></span> <span class='ocrx_word' id='word_1_43' title='bbox 1180 457 1440 501; x_wconf 84' lang='lat' dir='ltr'>proculcatur.</span> 
     </span>
    </p>
   </div>
   <div class='ocr_carea' id='block_1_4' title="bbox 254 573 1745 1254">
    <p class='ocr_par' dir='ltr' id='par_1_4' title="bbox 254 573 1745 1254">
     <span class='ocr_line' id='line_1_6' title="bbox 337 573 1741 627; baseline 0 -13"><span class='ocrx_word' id='word_1_44' title='bbox 337 583 467 627; x_wconf 80' lang='lat'><strong>952.</strong></span> <span class='ocrx_word' id='word_1_45' title='bbox 504 573 582 614; x_wconf 74' lang='lat' dir='ltr'><strong><em>“Et</em></strong></span> <span class='ocrx_word' id='word_1_46' title='bbox 602 573 888 614; x_wconf 70' lang='lat' dir='ltr'><strong><em>circumcincti</em></strong></span> <span class='ocrx_word' id='word_1_47' title='bbox 903 573 1019 614; x_wconf 79' lang='lat' dir='ltr'><strong><em>cit-ca</em></strong></span> <span class='ocrx_word' id='word_1_48' title='bbox 1032 577 1206 626; x_wconf 73' lang='lat' dir='ltr'><strong><em>pectam</em></strong></span> <span class='ocrx_word' id='word_1_49' title='bbox 1227 573 1343 614; x_wconf 76' lang='lat' dir='ltr'><strong><em>zonis</em></strong></span> <span class='ocrx_word' id='word_1_50' title='bbox 1366 573 1741 627; x_wconf 77' lang='lat' dir='ltr'><strong><em>cut-eis.&#39;&#39;—Quod</em></strong></span> 
     </span>
     <span class='ocr_line' id='line_1_7' title="bbox 257 638 1745 691; baseline 0 -12"><span class='ocrx_word' id='word_1_51' title='bbox 257 639 476 691; x_wconf 85' lang='lat' dir='ltr'><strong><em>significet</em></strong></span> <span class='ocrx_word' id='word_1_52' title='bbox 493 639 706 679; x_wconf 81' lang='lat' dir='ltr'><strong><em>Divinum</em></strong></span> <span class='ocrx_word' id='word_1_53' title='bbox 721 639 890 679; x_wconf 85' lang='lat' dir='ltr'><em>Bonum</em></span> <span class='ocrx_word' id='word_1_54' title='bbox 906 638 1143 690; x_wconf 67' lang='lat' dir='ltr'><strong><em>spirituale</em></strong></span> <span class='ocrx_word' id='word_1_55' title='bbox 1159 639 1378 679; x_wconf 83' lang='lat' dir='ltr'><strong><em>continens</em></strong></span> <span class='ocrx_word' id='word_1_56' title='bbox 1395 653 1505 679; x_wconf 79' lang='lat' dir='ltr'><strong><em>vera</em></strong></span> <span class='ocrx_word' id='word_1_57' title='bbox 1525 639 1570 679; x_wconf 84' lang='lat' dir='ltr'><strong><em>in</em></strong></span> <span class='ocrx_word' id='word_1_58' title='bbox 1590 639 1745 679; x_wconf 79' lang='lat' dir='ltr'><strong><em>ordine</em></strong></span> 
     </span>
     <span class='ocr_line' id='line_1_8' title="bbox 256 700 1742 755; baseline 0.001 -14"><span class='ocrx_word' id='word_1_59' title='bbox 256 708 298 741; x_wconf 83' lang='lat' dir='ltr'><strong><em>et</em></strong></span> <span class='ocrx_word' id='word_1_60' title='bbox 319 701 366 742; x_wconf 81' lang='lat' dir='ltr'><strong><em>in</em></strong></span> <span class='ocrx_word' id='word_1_61' title='bbox 390 715 515 750; x_wconf 69' lang='lat' dir='ltr'><strong><em>netu,</em></strong></span> <span class='ocrx_word' id='word_1_62' title='bbox 544 708 723 742; x_wconf 84' lang='lat' dir='ltr'><strong><em>constat</em></strong></span> <span class='ocrx_word' id='word_1_63' title='bbox 750 716 808 742; x_wconf 86' lang='lat' dir='ltr'><strong><em>ex</em></strong></span> <span class='ocrx_word' id='word_1_64' title='bbox 835 700 1363 754; x_wconf 52' lang='lat' dir='ltr'><strong><em>significationef‘zonae</em></strong></span> <span class='ocrx_word' id='word_1_65' title='bbox 1395 702 1597 751; x_wconf 87' lang='lat' dir='ltr'><strong><em>aureae,”</em></strong></span> <span class='ocrx_word' id='word_1_66' title='bbox 1621 703 1742 755; x_wconf 91' lang='lat' dir='ltr'><strong><em>quod</em></strong></span> 
     </span>
     <span class='ocr_line' id='line_1_9' title="bbox 257 764 1741 816; baseline 0.001 -13"><span class='ocrx_word' id='word_1_67' title='bbox 257 764 314 804; x_wconf 89' lang='lat' dir='ltr'><strong><em>sit</em></strong></span> <span class='ocrx_word' id='word_1_68' title='bbox 339 765 459 816; x_wconf 90' lang='lat' dir='ltr'><strong><em>quod</em></strong></span> <span class='ocrx_word' id='word_1_69' title='bbox 485 765 690 805; x_wconf 85' lang='lat' dir='ltr'><strong><em>continet</em></strong></span> <span class='ocrx_word' id='word_1_70' title='bbox 716 765 760 804; x_wconf 90' lang='lat' dir='ltr'><strong><em>in</em></strong></span> <span class='ocrx_word' id='word_1_71' title='bbox 786 765 942 805; x_wconf 85' lang='lat' dir='ltr'>ordine</span> <span class='ocrx_word' id='word_1_72' title='bbox 967 771 1013 805; x_wconf 88' lang='lat' dir='ltr'><strong><em>et</em></strong></span> <span class='ocrx_word' id='word_1_73' title='bbox 1041 765 1086 804; x_wconf 93' lang='lat' dir='ltr'><strong><em>in</em></strong></span> <span class='ocrx_word' id='word_1_74' title='bbox 1111 778 1246 811; x_wconf 87' lang='lat' dir='ltr'><strong><em>nexu,</em></strong></span> <span class='ocrx_word' id='word_1_75' title='bbox 1274 778 1379 805; x_wconf 86' lang='lat' dir='ltr'><strong><em>nam</em></strong></span> <span class='ocrx_word' id='word_1_76' title='bbox 1405 779 1519 805; x_wconf 87' lang='lat' dir='ltr'><strong><em>zona</em></strong></span> <span class='ocrx_word' id='word_1_77' title='bbox 1543 779 1622 805; x_wconf 89' lang='lat' dir='ltr'><strong><em>seu</em></strong></span> <span class='ocrx_word' id='word_1_78' title='bbox 1647 766 1741 805; x_wconf 89' lang='lat' dir='ltr'><strong><em>cin-</em></strong></span> 
     </span>
     <span class='ocr_line' id='line_1_10' title="bbox 256 826 1740 880; baseline 0.001 -14"><span class='ocrx_word' id='word_1_79' title='bbox 256 826 410 878; x_wconf 87' lang='lat' dir='ltr'><strong><em>gulum</em></strong></span> <span class='ocrx_word' id='word_1_80' title='bbox 441 827 670 867; x_wconf 89' lang='lat' dir='ltr'><strong><em>concludit</em></strong></span> <span class='ocrx_word' id='word_1_81' title='bbox 695 833 846 867; x_wconf 87' lang='lat' dir='ltr'><strong><em>vestes</em></strong></span> <span class='ocrx_word' id='word_1_82' title='bbox 879 833 926 867; x_wconf 88' lang='lat' dir='ltr'><strong><em>et</em></strong></span> <span class='ocrx_word' id='word_1_83' title='bbox 957 828 1161 868; x_wconf 87' lang='lat' dir='ltr'><strong><em>continet</em></strong></span> <span class='ocrx_word' id='word_1_84' title='bbox 1192 827 1318 877; x_wconf 79' lang='lat' dir='ltr'><strong><em>illas;</em></strong></span> <span class='ocrx_word' id='word_1_85' title='bbox 1356 828 1476 880; x_wconf 93' lang='lat' dir='ltr'><strong><em>quod</em></strong></span> <span class='ocrx_word' id='word_1_86' title='bbox 1507 829 1740 868; x_wconf 88' lang='lat' dir='ltr'><strong><em>contineat</em></strong></span> 
     </span>
     <span class='ocr_line' id='line_1_11' title="bbox 256 890 1742 943; baseline 0.001 -15"><span class='ocrx_word' id='word_1_87' title='bbox 256 902 361 928; x_wconf 89' lang='lat' dir='ltr'><strong><em>vera</em></strong></span> <span class='ocrx_word' id='word_1_88' title='bbox 391 890 433 929; x_wconf 91' lang='lat' dir='ltr'><strong><em>in</em></strong></span> <span class='ocrx_word' id='word_1_89' title='bbox 460 890 614 929; x_wconf 85' lang='lat' dir='ltr'>ordine</span> <span class='ocrx_word' id='word_1_90' title='bbox 645 896 691 930; x_wconf 88' lang='lat' dir='ltr'><strong><em>et</em></strong></span> <span class='ocrx_word' id='word_1_91' title='bbox 722 890 765 930; x_wconf 90' lang='lat' dir='ltr'><strong><em>in</em></strong></span> <span class='ocrx_word' id='word_1_92' title='bbox 797 903 933 938; x_wconf 88' lang='lat' dir='ltr'><strong><em>nexu,</em></strong></span> <span class='ocrx_word' id='word_1_93' title='bbox 961 896 1030 930; x_wconf 87' lang='lat' dir='ltr'><strong><em>est</em></strong></span> <span class='ocrx_word' id='word_1_94' title='bbox 1061 891 1162 943; x_wconf 90' lang='lat' dir='ltr'><strong><em>quia</em></strong></span> <span class='ocrx_word' id='word_1_95' title='bbox 1191 904 1297 930; x_wconf 87' lang='lat' dir='ltr'><strong><em>vera</em></strong></span> <span class='ocrx_word' id='word_1_96' title='bbox 1327 890 1633 942; x_wconf 85' lang='lat' dir='ltr'><strong><em>significantur</em></strong></span> <span class='ocrx_word' id='word_1_97' title='bbox 1663 904 1742 943; x_wconf 87' lang='lat' dir='ltr'><strong><em>per</em></strong></span> 
     </span>
     <span class='ocr_line' id='line_1_12' title="bbox 257 951 1739 1006; baseline 0.001 -15"><span class='ocrx_word' id='word_1_98' title='bbox 257 951 485 999; x_wconf 87' lang='lat' dir='ltr'><strong><em>“vestes‚&#39;’</em></strong></span> <span class='ocrx_word' id='word_1_99' title='bbox 511 958 557 992; x_wconf 88' lang='lat' dir='ltr'><strong><em>et</em></strong></span> <span class='ocrx_word' id='word_1_100' title='bbox 582 953 626 992; x_wconf 91' lang='lat' dir='ltr'><strong><em>in</em></strong></span> <span class='ocrx_word' id='word_1_101' title='bbox 659 953 806 1004; x_wconf 84' lang='lat' dir='ltr'><strong><em>specie</em></strong></span> <span class='ocrx_word' id='word_1_102' title='bbox 838 965 916 1005; x_wconf 85' lang='lat' dir='ltr'><strong><em>per</em></strong></span> <span class='ocrx_word' id='word_1_103' title='bbox 943 956 1135 993; x_wconf 90' lang='lat' dir='ltr'><strong><em>“vestes</em></strong></span> <span class='ocrx_word' id='word_1_104' title='bbox 1166 952 1242 992; x_wconf 90' lang='lat' dir='ltr'><strong><em>lini</em></strong></span> <span class='ocrx_word' id='word_1_105' title='bbox 1258 952 1293 993; x_wconf 88' lang='lat'><strong><em>:”</em></strong></span> <span class='ocrx_word' id='word_1_106' title='bbox 1331 953 1451 1006; x_wconf 92' lang='lat' dir='ltr'><strong><em>quod</em></strong></span> <span class='ocrx_word' id='word_1_107' title='bbox 1482 954 1540 993; x_wconf 89' lang='lat' dir='ltr'><strong><em>sit</em></strong></span> <span class='ocrx_word' id='word_1_108' title='bbox 1571 953 1739 993; x_wconf 89' lang='lat' dir='ltr'><strong><em>bonum</em></strong></span> 
     </span>
     <span class='ocr_line' id='line_1_13' title="bbox 254 1013 1738 1069; baseline 0.002 -16"><span class='ocrx_word' id='word_1_109' title='bbox 254 1013 494 1066; x_wconf 82' lang='lat' dir='ltr'><strong><em>spirituale,</em></strong></span> <span class='ocrx_word' id='word_1_110' title='bbox 522 1021 591 1055; x_wconf 89' lang='lat' dir='ltr'><strong><em>est</em></strong></span> <span class='ocrx_word' id='word_1_111' title='bbox 622 1016 723 1068; x_wconf 85' lang='lat' dir='ltr'><strong><em>quia</em></strong></span> <span class='ocrx_word' id='word_1_112' title='bbox 754 1029 831 1067; x_wconf 87' lang='lat' dir='ltr'><strong><em>per</em></strong></span> <span class='ocrx_word' id='word_1_113' title='bbox 864 1013 1096 1068; x_wconf 66' lang='lat' dir='ltr'><strong><em>“pe&amp;us,”</em></strong></span> <span class='ocrx_word' id='word_1_114' title='bbox 1127 1016 1246 1069; x_wconf 90' lang='lat' dir='ltr'><strong><em>quod</em></strong></span> <span class='ocrx_word' id='word_1_115' title='bbox 1283 1015 1587 1068; x_wconf 59' lang='lat' dir='ltr'><strong><em>praecinRum</em></strong></span> <span class='ocrx_word' id='word_1_116' title='bbox 1626 1024 1738 1065; x_wconf 81' lang='lat' dir='ltr'><strong><em>erat,</em></strong></span> 
     </span>
     <span class='ocr_line' id='line_1_14' title="bbox 254 1076 1741 1132; baseline 0.002 -16"><span class='ocrx_word' id='word_1_117' title='bbox 254 1077 298 1116; x_wconf 90' lang='lat' dir='ltr'><strong><em>id</em></strong></span> <span class='ocrx_word' id='word_1_118' title='bbox 339 1076 506 1116; x_wconf 92' lang='lat' dir='ltr'><strong><em>bonum</em></strong></span> <span class='ocrx_word' id='word_1_119' title='bbox 548 1077 836 1130; x_wconf 85' lang='lat' dir='ltr'><strong><em>significatur,</em></strong></span> <span class='ocrx_word' id='word_1_120' title='bbox 871 1084 918 1118; x_wconf 83' lang='lat' dir='ltr'><strong><em>et</em></strong></span> <span class='ocrx_word' id='word_1_121' title='bbox 954 1092 1131 1131; x_wconf 91' lang='lat' dir='ltr'><strong><em>quoque</em></strong></span> <span class='ocrx_word' id='word_1_122' title='bbox 1168 1092 1246 1130; x_wconf 88' lang='lat' dir='ltr'><strong><em>per</em></strong></span> <span class='ocrx_word' id='word_1_123' title='bbox 1279 1079 1511 1127; x_wconf 84' lang='lat' dir='ltr'><strong><em>“aurum,’&#39;</em></strong></span> <span class='ocrx_word' id='word_1_124' title='bbox 1550 1093 1609 1119; x_wconf 86' lang='lat' dir='ltr'><strong><em>ex</em></strong></span> <span class='ocrx_word' id='word_1_125' title='bbox 1651 1094 1741 1132; x_wconf 90' lang='lat' dir='ltr'><strong><em>quo</em></strong></span> 
     </span>
     <span class='ocr_line' id='line_1_15' title="bbox 254 1139 1741 1195; baseline 0.002 -16"><span class='ocrx_word' id='word_1_126' title='bbox 254 1146 381 1179; x_wconf 87' lang='lat' dir='ltr'><strong><em>erant</em></strong></span> <span class='ocrx_word' id='word_1_127' title='bbox 418 1153 569 1180; x_wconf 89' lang='lat' dir='ltr'><strong><em>zonae.</em></strong></span> <span class='ocrx_word' id='word_1_128' title='bbox 629 1139 797 1180; x_wconf 87' lang='lat' dir='ltr'><strong><em>Similia</em></strong></span> <span class='ocrx_word' id='word_1_129' title='bbox 835 1153 914 1192; x_wconf 87' lang='lat' dir='ltr'><strong><em>per</em></strong></span> <span class='ocrx_word' id='word_1_130' title='bbox 948 1141 1058 1181; x_wconf 89' lang='lat' dir='ltr'><strong><em>haec</em></strong></span> <span class='ocrx_word' id='word_1_131' title='bbox 1099 1140 1419 1193; x_wconf 83' lang='lat' dir='ltr'><strong><em>significantur,</em></strong></span> <span class='ocrx_word' id='word_1_132' title='bbox 1456 1155 1568 1195; x_wconf 89' lang='lat' dir='ltr'><strong><em>quae</em></strong></span> <span class='ocrx_word' id='word_1_133' title='bbox 1609 1155 1741 1194; x_wconf 88' lang='lat' dir='ltr'><strong><em>supra</em></strong></span> 
     </span>
     <span class='ocr_line' id='line_1_16' title="bbox 254 1202 1073 1254; baseline 0 -12"><span class='ocrx_word' id='word_1_134' title='bbox 254 1214 333 1254; x_wconf 90' lang='lat' dir='ltr'><strong><em>per</em></strong></span> <span class='ocrx_word' id='word_1_135' title='bbox 357 1202 477 1254; x_wconf 91' lang='lat' dir='ltr'><strong><em>quod</em></strong></span> <span class='ocrx_word' id='word_1_136' title='bbox 1072 1220 1073 1223; x_wconf 41' lang='lat'>¹</span> 
     </span>
    </p>
   </div>
   <div class='ocr_carea' id='block_1_5' title="bbox 319 1289 1742 1376">
    <p class='ocr_par' dir='ltr' id='par_1_5' title="bbox 319 1289 1742 1376">
     <span class='ocr_line' id='line_1_17' title="bbox 319 1289 1742 1332; baseline 0.003 -12"><span class='ocrx_word' id='word_1_137' title='bbox 319 1289 430 1321; x_wconf 87' lang='lat' dir='ltr'><strong><em>Filius</em></strong></span> <span class='ocrx_word' id='word_1_138' title='bbox 452 1290 607 1321; x_wconf 87' lang='lat' dir='ltr'><strong><em>hominis</em></strong></span> <span class='ocrx_word' id='word_1_139' title='bbox 631 1291 667 1321; x_wconf 89' lang='lat' dir='ltr'><strong><em>in</em></strong></span> <span class='ocrx_word' id='word_1_140' title='bbox 692 1291 810 1321; x_wconf 86' lang='lat' dir='ltr'><strong><em>medio</em></strong></span> <span class='ocrx_word' id='word_1_141' title='bbox 829 1291 1121 1323; x_wconf 84' lang='lat' dir='ltr'>candelabrorum</span> <span class='ocrx_word' id='word_1_142' title='bbox 1138 1293 1341 1332; x_wconf 85' lang='lat' dir='ltr'><strong><em>apparuerit</em></strong></span> <span class='ocrx_word' id='word_1_143' title='bbox 1360 1291 1583 1332; x_wconf 61' lang='lat' dir='ltr'><strong><em>praecinctus</em></strong></span> <span class='ocrx_word' id='word_1_144' title='bbox 1602 1293 1648 1324; x_wconf 89' lang='lat' dir='ltr'><strong><em>ad</em></strong></span> <span class='ocrx_word' id='word_1_145' title='bbox 1667 1303 1742 1324; x_wconf 88' lang='lat' dir='ltr'><strong><em>ma-</em></strong></span> 
     </span>
     <span class='ocr_line' id='line_1_18' title="bbox 425 1332 1046 1376; baseline 0.003 -12"><span class='ocrx_word' id='word_1_146' title='bbox 425 1333 541 1364; x_wconf 89' lang='lat' dir='ltr'><strong><em>millas</em></strong></span> <span class='ocrx_word' id='word_1_147' title='bbox 558 1343 648 1364; x_wconf 89' lang='lat' dir='ltr'><strong><em>zona</em></strong></span> <span class='ocrx_word' id='word_1_148' title='bbox 658 1343 768 1365; x_wconf 80' lang='lat' dir='ltr'><strong><em>aurea</em></strong></span> <span class='ocrx_word' id='word_1_149' title='bbox 781 1332 909 1375; x_wconf 86' lang='lat' dir='ltr'><strong><em>[(Apoc.</em></strong></span> <span class='ocrx_word' id='word_1_150' title='bbox 929 1335 949 1366; x_wconf 92' lang='lat' dir='ltr'><strong><em>i.</em></strong></span> <span class='ocrx_word' id='word_1_151' title='bbox 966 1333 1046 1376; x_wconf 89' lang='lat'>13)],</span> 
     </span>
    </p>
   </div>
   <div class='ocr_carea' id='block_1_6' title="bbox 252 1425 1742 1631">
    <p class='ocr_par' dir='ltr' id='par_1_6' title="bbox 252 1425 1742 1631">
     <span class='ocr_line' id='line_1_19' title="bbox 254 1425 1740 1480; baseline 0.003 -15"><span class='ocrx_word' id='word_1_152' title='bbox 254 1439 371 1478; x_wconf 85' lang='lat' dir='ltr'><strong><em>quae</em></strong></span> <span class='ocrx_word' id='word_1_153' title='bbox 396 1425 569 1479; x_wconf 86' lang='lat' dir='ltr'><strong><em>[supra]</em></strong></span> <span class='ocrx_word' id='word_1_154' title='bbox 594 1437 639 1474; x_wconf 86' lang='lat' dir='ltr'><strong><em>(n.</em></strong></span> <span class='ocrx_word' id='word_1_155' title='bbox 654 1427 726 1479; x_wconf 80' lang='lat'><strong><em>65)</em></strong></span> <span class='ocrx_word' id='word_1_156' title='bbox 747 1427 980 1480; x_wconf 84' lang='lat' dir='ltr'><strong><em>explicata</em></strong></span> <span class='ocrx_word' id='word_1_157' title='bbox 1002 1434 1121 1468; x_wconf 89' lang='lat' dir='ltr'><strong><em>sunt.</em></strong></span> <span class='ocrx_word' id='word_1_158' title='bbox 1169 1439 1282 1476; x_wconf 82' lang='lat' dir='ltr'><strong><em>(Quod</em></strong></span> <span class='ocrx_word' id='word_1_159' title='bbox 1295 1437 1432 1469; x_wconf 82' lang='lat' dir='ltr'><strong><em>&#39;&#39;zona&#39;&#39;</em></strong></span> <span class='ocrx_word' id='word_1_160' title='bbox 1447 1445 1503 1469; x_wconf 82' lang='lat' dir='ltr'><strong><em>aut</em></strong></span> <span class='ocrx_word' id='word_1_161' title='bbox 1518 1437 1535 1448; x_wconf 80' lang='lat'><strong><em>‘⁴</em></strong></span> <span class='ocrx_word' id='word_1_162' title='bbox 1547 1441 1710 1478; x_wconf 82' lang='lat' dir='ltr'><strong><em>cingulum</em></strong></span> <span class='ocrx_word' id='word_1_163' title='bbox 1721 1439 1740 1450; x_wconf 89' lang='grc'><strong><em>·’</em></strong></span> 
     </span>
     <span class='ocr_line' id='line_1_20' title="bbox 252 1489 1742 1527; baseline 0.004 -10"><span class='ocrx_word' id='word_1_164' title='bbox 252 1489 405 1526; x_wconf 79' lang='lat' dir='ltr'><strong><em>significet</em></strong></span> <span class='ocrx_word' id='word_1_165' title='bbox 419 1499 591 1518; x_wconf 88' lang='lat' dir='ltr'><strong><em>commune</em></strong></span> <span class='ocrx_word' id='word_1_166' title='bbox 599 1491 771 1525; x_wconf 78' lang='lat' dir='ltr'><strong><em>vinculum,</em></strong></span> <span class='ocrx_word' id='word_1_167' title='bbox 784 1496 819 1520; x_wconf 88' lang='lat' dir='ltr'><strong><em>ut</em></strong></span> <span class='ocrx_word' id='word_1_168' title='bbox 833 1491 941 1520; x_wconf 88' lang='lat' dir='ltr'><strong><em>omnia</em></strong></span> <span class='ocrx_word' id='word_1_169' title='bbox 957 1492 989 1520; x_wconf 90' lang='lat' dir='ltr'><strong><em>in</em></strong></span> <span class='ocrx_word' id='word_1_170' title='bbox 1004 1493 1115 1521; x_wconf 88' lang='lat' dir='ltr'><strong><em>ordine</em></strong></span> <span class='ocrx_word' id='word_1_171' title='bbox 1125 1492 1186 1521; x_wconf 84' lang='lat' dir='ltr'><strong><em>sint</em></strong></span> <span class='ocrx_word' id='word_1_172' title='bbox 1201 1498 1231 1521; x_wconf 78' lang='lat' dir='ltr'><strong><em>et</em></strong></span> <span class='ocrx_word' id='word_1_173' title='bbox 1246 1494 1468 1522; x_wconf 82' lang='lat' dir='ltr'><strong><em>contineantur</em></strong></span> <span class='ocrx_word' id='word_1_174' title='bbox 1482 1494 1514 1522; x_wconf 90' lang='lat' dir='ltr'><strong><em>in</em></strong></span> <span class='ocrx_word' id='word_1_175' title='bbox 1528 1503 1623 1527; x_wconf 84' lang='lat' dir='ltr'><strong><em>nexu,</em></strong></span> <span class='ocrx_word' id='word_1_176' title='bbox 1635 1494 1742 1523; x_wconf 82' lang='lat' dir='ltr'><strong><em>videa-</em></strong></span> 
     </span>
     <span class='ocr_line' id='line_1_21' title="bbox 252 1534 1739 1575; baseline 0.003 -13"><span class='ocrx_word' id='word_1_177' title='bbox 252 1538 303 1562; x_wconf 85' lang='lat' dir='ltr'><strong><em>tur</em></strong></span> <span class='ocrx_word' id='word_1_178' title='bbox 322 1534 355 1562; x_wconf 88' lang='lat' dir='ltr'><strong><em>in</em></strong></span> <span class='ocrx_word' id='word_1_179' title='bbox 376 1534 515 1563; x_wconf 81' lang='lat' dir='ltr'><strong><em>Arcanis</em></strong></span> <span class='ocrx_word' id='word_1_180' title='bbox 539 1535 734 1569; x_wconf 82' lang='lat' dir='ltr'><strong><em>Caelestibus,</em></strong></span> <span class='ocrx_word' id='word_1_181' title='bbox 756 1545 787 1565; x_wconf 92' lang='lat' dir='ltr'><strong><em>n.</em></strong></span> <span class='ocrx_word' id='word_1_182' title='bbox 810 1545 899 1573; x_wconf 81' lang='lat'>9341.</span> <span class='ocrx_word' id='word_1_183' title='bbox 922 1538 1018 1573; x_wconf 61' lang='lat'><strong>982&amp;</strong></span> <span class='ocrx_word' id='word_1_184' title='bbox 1048 1538 1125 1574; x_wconf 87' lang='lat' dir='ltr'><strong><em>quid</em></strong></span> <span class='ocrx_word' id='word_1_185' title='bbox 1146 1538 1301 1574; x_wconf 84' lang='lat' dir='ltr'><strong><em>significat</em></strong></span> <span class='ocrx_word' id='word_1_186' title='bbox 1323 1539 1513 1575; x_wconf 80' lang='lat' dir='ltr'><strong><em>‘&#39;cingulum</em></strong></span> <span class='ocrx_word' id='word_1_187' title='bbox 1536 1538 1685 1575; x_wconf 76' lang='lat' dir='ltr'><strong><em>ephodi.¹&#39;</em></strong></span> <span class='ocrx_word' id='word_1_188' title='bbox 1707 1548 1739 1568; x_wconf 89' lang='lat' dir='ltr'><strong><em>n.</em></strong></span> 
     </span>
     <span class='ocr_line' id='line_1_22' title="bbox 252 1576 1738 1631; baseline 0.004 -19"><span class='ocrx_word' id='word_1_189' title='bbox 252 1585 350 1620; x_wconf 80' lang='lat'>9837:</span> <span class='ocrx_word' id='word_1_190' title='bbox 379 1589 410 1612; x_wconf 78' lang='lat' dir='ltr'><strong><em>et</em></strong></span> <span class='ocrx_word' id='word_1_191' title='bbox 421 1581 526 1620; x_wconf 77' lang='lat' dir='ltr'><strong><em>quid⁴¹</em></strong></span> <span class='ocrx_word' id='word_1_192' title='bbox 538 1585 684 1613; x_wconf 80' lang='lat' dir='ltr'>baltheus</span> <span class='ocrx_word' id='word_1_193' title='bbox 697 1586 823 1614; x_wconf 84' lang='lat' dir='ltr'><strong><em>tunicae</em></strong></span> <span class='ocrx_word' id='word_1_194' title='bbox 835 1586 1024 1620; x_wconf 84' lang='lat' dir='ltr'><strong><em>Aharonis,&#39;&#39;</em></strong></span> <span class='ocrx_word' id='word_1_195' title='bbox 1038 1596 1069 1616; x_wconf 94' lang='lat' dir='ltr'><strong><em>n.</em></strong></span> <span class='ocrx_word' id='word_1_196' title='bbox 1082 1588 1187 1625; x_wconf 88' lang='lat'>9944.)</span> <span class='ocrx_word' id='word_1_197' title='bbox 1245 1576 1417 1617; x_wconf 78' lang='lat' dir='ltr'><strong><em>Slmllia</em></strong></span> <span class='ocrx_word' id='word_1_198' title='bbox 1438 1579 1576 1630; x_wconf 75' lang='lat' dir='ltr'><strong><em>etiam</em></strong></span> <span class='ocrx_word' id='word_1_199' title='bbox 1598 1579 1738 1631; x_wconf 75' lang='lat' dir='ltr'><strong><em>Signi-</em></strong></span> 
     </span>
    </p>
   </div>
   <div class='ocr_carea' id='block_1_7' title="bbox 253 1633 1607 1688">
    <p class='ocr_par' dir='ltr' id='par_1_7' title="bbox 253 1633 1607 1688">
     <span class='ocr_line' id='line_1_23' title="bbox 253 1633 1607 1688; baseline 0.004 -14"><span class='ocrx_word' id='word_1_200' title='bbox 253 1633 441 1675; x_wconf 84' lang='lat' dir='ltr'><strong><em>ficantur</em></strong></span> <span class='ocrx_word' id='word_1_201' title='bbox 466 1648 544 1687; x_wconf 88' lang='lat' dir='ltr'><strong><em>per</em></strong></span> <span class='ocrx_word' id='word_1_202' title='bbox 570 1639 596 1655; x_wconf 81' lang='lat'><strong><em>‘⁴</em></strong></span> <span class='ocrx_word' id='word_1_203' title='bbox 613 1636 875 1688; x_wconf 86' lang='lat' dir='ltr'><strong><em>cingulum&#39;’</em></strong></span> <span class='ocrx_word' id='word_1_204' title='bbox 899 1643 976 1677; x_wconf 86' lang='lat' dir='ltr'><strong><em>aut</em></strong></span> <span class='ocrx_word' id='word_1_205' title='bbox 1002 1641 1199 1678; x_wconf 88' lang='lat' dir='ltr'><strong><em>“zonam</em></strong></span> <span class='ocrx_word' id='word_1_206' title='bbox 1211 1638 1230 1652; x_wconf 91' lang='grc'>”</span> <span class='ocrx_word' id='word_1_207' title='bbox 1256 1638 1360 1679; x_wconf 87' lang='lat' dir='ltr'><strong><em>alibi</em></strong></span> <span class='ocrx_word' id='word_1_208' title='bbox 1385 1640 1428 1678; x_wconf 93' lang='lat' dir='ltr'><strong><em>in</em></strong></span> <span class='ocrx_word' id='word_1_209' title='bbox 1452 1639 1607 1680; x_wconf 85' lang='lat' dir='ltr'><strong><em>Verbo</em></strong></span> 
     </span>
    </p>
   </div>
   <div class='ocr_carea' id='block_1_8' title="bbox 522 1734 1460 1779">
    <p class='ocr_par' dir='ltr' id='par_1_8' title="bbox 522 1734 1460 1779">
     <span class='ocr_line' id='line_1_24' title="bbox 522 1734 1460 1779; baseline 0.004 -13"><span class='ocrx_word' id='word_1_210' title='bbox 522 1734 587 1774; x_wconf 82' lang='lat' dir='ltr'><strong><em>(Ut</em></strong></span> <span class='ocrx_word' id='word_1_211' title='bbox 602 1735 699 1767; x_wconf 77' lang='lat' dir='ltr'><strong><em>Emi.</em></strong></span> <span class='ocrx_word' id='word_1_212' title='bbox 715 1735 761 1767; x_wconf 87' lang='lat' dir='ltr'><strong><em>xi.</em></strong></span> <span class='ocrx_word' id='word_1_213' title='bbox 780 1743 797 1774; x_wconf 84' lang='lat'><strong>5</strong></span> <span class='ocrx_word' id='word_1_214' title='bbox 813 1745 820 1774; x_wconf 87' lang='lat'>;</span> <span class='ocrx_word' id='word_1_215' title='bbox 844 1746 918 1776; x_wconf 80' lang='lat' dir='ltr'><strong><em>cap.</em></strong></span> <span class='ocrx_word' id='word_1_216' title='bbox 935 1737 1031 1768; x_wconf 83' lang='lat' dir='ltr'><strong><em>xxiii.</em></strong></span> <span class='ocrx_word' id='word_1_217' title='bbox 1052 1746 1110 1769; x_wconf 87' lang='lat'><strong><em>10:</em></strong></span> <span class='ocrx_word' id='word_1_218' title='bbox 1139 1738 1263 1779; x_wconf 82' lang='lat' dir='ltr'><strong><em>Jerem.</em></strong></span> <span class='ocrx_word' id='word_1_219' title='bbox 1280 1739 1351 1770; x_wconf 86' lang='lat' dir='ltr'><strong><em>xiii.</em></strong></span> <span class='ocrx_word' id='word_1_220' title='bbox 1375 1739 1460 1778; x_wconf 92' lang='lat'>1—7).</span> 
     </span>
    </p>
   </div>
   <div class='ocr_carea' id='block_1_9' title="bbox 251 1852 1740 2493">
    <p class='ocr_par' dir='ltr' id='par_1_9' title="bbox 251 1852 731 1879">
     <span class='ocr_line' id='line_1_25' title="bbox 251 1852 731 1879; baseline -0.004 -3"><span class='ocrx_word' id='word_1_221' title='bbox 251 1852 429 1876; x_wconf 62' lang='lat' dir='ltr'><strong><em>(Conffuuatt’o</em></strong></span> <span class='ocrx_word' id='word_1_222' title='bbox 438 1852 468 1874; x_wconf 83' lang='lat' dir='ltr'><strong><em>de</em></strong></span> <span class='ocrx_word' id='word_1_223' title='bbox 477 1853 566 1874; x_wconf 67' lang='lat' dir='ltr'><strong><em>Primo</em></strong></span> <span class='ocrx_word' id='word_1_224' title='bbox 576 1853 731 1879; x_wconf 66' lang='lat' dir='ltr'><strong><em>Praecepta.)</em></strong></span> 
     </span>
    </p>

    <p class='ocr_par' dir='ltr' id='par_1_10' title="bbox 251 1885 1740 2493">
     <span class='ocr_line' id='line_1_26' title="bbox 323 1885 1740 1938; baseline 0.006 -18"><span class='ocrx_word' id='word_1_225' title='bbox 323 1885 402 1932; x_wconf 75' lang='lat' dir='ltr'><strong><em>Qui</em></strong></span> <span class='ocrx_word' id='word_1_226' title='bbox 419 1894 532 1931; x_wconf 80' lang='lat' dir='ltr'><strong><em>putat</em></strong></span> <span class='ocrx_word' id='word_1_227' title='bbox 548 1887 655 1932; x_wconf 92' lang='lat' dir='ltr'><strong><em>quod</em></strong></span> <span class='ocrx_word' id='word_1_228' title='bbox 673 1894 863 1933; x_wconf 86' lang='lat' dir='ltr'><strong><em>agnoscat</em></strong></span> <span class='ocrx_word' id='word_1_229' title='bbox 880 1894 920 1923; x_wconf 89' lang='lat' dir='ltr'><strong><em>et</em></strong></span> <span class='ocrx_word' id='word_1_230' title='bbox 936 1889 1071 1923; x_wconf 89' lang='lat' dir='ltr'><strong><em>credat</em></strong></span> <span class='ocrx_word' id='word_1_231' title='bbox 1088 1889 1195 1934; x_wconf 91' lang='lat' dir='ltr'><strong><em>quod</em></strong></span> <span class='ocrx_word' id='word_1_232' title='bbox 1215 1889 1323 1925; x_wconf 87' lang='lat' dir='ltr'><strong><em>Deus</em></strong></span> <span class='ocrx_word' id='word_1_233' title='bbox 1341 1891 1402 1931; x_wconf 90' lang='lat' dir='ltr'><strong><em>sit,</em></strong></span> <span class='ocrx_word' id='word_1_234' title='bbox 1420 1899 1632 1938; x_wconf 85' lang='lat' dir='ltr'>antequam</span> <span class='ocrx_word' id='word_1_235' title='bbox 1651 1894 1740 1928; x_wconf 91' lang='lat' dir='ltr'><strong><em>abs-</em></strong></span> 
     </span>
     <span class='ocr_line' id='line_1_27' title="bbox 251 1932 1739 1984; baseline 0.006 -18"><span class='ocrx_word' id='word_1_236' title='bbox 251 1932 354 1967; x_wconf 87' lang='lat' dir='ltr'><strong><em>tinet</em></strong></span> <span class='ocrx_word' id='word_1_237' title='bbox 381 1943 406 1967; x_wconf 91' lang='lat' dir='ltr'><strong><em>a</em></strong></span> <span class='ocrx_word' id='word_1_238' title='bbox 433 1933 545 1968; x_wconf 86' lang='lat' dir='ltr'><strong><em>malis</em></strong></span> <span class='ocrx_word' id='word_1_239' title='bbox 570 1945 671 1978; x_wconf 91' lang='lat' dir='ltr'><strong><em>quae</em></strong></span> <span class='ocrx_word' id='word_1_240' title='bbox 701 1934 740 1968; x_wconf 88' lang='lat' dir='ltr'><strong><em>in</em></strong></span> <span class='ocrx_word' id='word_1_241' title='bbox 765 1935 967 1981; x_wconf 81' lang='lat' dir='ltr'><strong><em>decalogo,</em></strong></span> <span class='ocrx_word' id='word_1_242' title='bbox 994 1935 1187 1980; x_wconf 87' lang='lat' dir='ltr'><strong><em>imprimis</em></strong></span> <span class='ocrx_word' id='word_1_243' title='bbox 1211 1938 1261 1971; x_wconf 90' lang='lat' dir='ltr'><strong><em>ab</em></strong></span> <span class='ocrx_word' id='word_1_244' title='bbox 1286 1948 1420 1972; x_wconf 86' lang='lat' dir='ltr'><strong><em>amore</em></strong></span> <span class='ocrx_word' id='word_1_245' title='bbox 1446 1939 1664 1984; x_wconf 85' lang='lat' dir='ltr'><strong><em>imperandi</em></strong></span> <span class='ocrx_word' id='word_1_246' title='bbox 1690 1952 1739 1975; x_wconf 83' lang='lat' dir='ltr'><strong><em>ex</em></strong></span> 
     </span>
     <span class='ocr_line' id='line_1_28' title="bbox 251 1980 1739 2031; baseline 0.005 -18"><span class='ocrx_word' id='word_1_247' title='bbox 251 1980 428 2024; x_wconf 86' lang='lat' dir='ltr'><strong><em>jucundo</em></strong></span> <span class='ocrx_word' id='word_1_248' title='bbox 454 1980 618 2025; x_wconf 88' lang='lat' dir='ltr'><strong><em>imperii,</em></strong></span> <span class='ocrx_word' id='word_1_249' title='bbox 644 1987 684 2015; x_wconf 92' lang='lat' dir='ltr'><strong><em>et</em></strong></span> <span class='ocrx_word' id='word_1_250' title='bbox 709 1992 757 2015; x_wconf 85' lang='lat' dir='ltr'><strong><em>ex</em></strong></span> <span class='ocrx_word' id='word_1_251' title='bbox 782 1992 916 2016; x_wconf 88' lang='lat' dir='ltr'><strong><em>amore</em></strong></span> <span class='ocrx_word' id='word_1_252' title='bbox 941 1983 1168 2027; x_wconf 90' lang='lat' dir='ltr'><strong><em>possidendi</em></strong></span> <span class='ocrx_word' id='word_1_253' title='bbox 1195 1984 1299 2018; x_wconf 91' lang='lat' dir='ltr'><strong><em>bona</em></strong></span> <span class='ocrx_word' id='word_1_254' title='bbox 1324 1986 1462 2019; x_wconf 88' lang='lat' dir='ltr'><strong><em>mundi</em></strong></span> <span class='ocrx_word' id='word_1_255' title='bbox 1488 1997 1536 2020; x_wconf 82' lang='lat' dir='ltr'><strong><em>ex</em></strong></span> <span class='ocrx_word' id='word_1_256' title='bbox 1560 1987 1739 2031; x_wconf 83' lang='lat' dir='ltr'><strong><em>jucundo</em></strong></span> 
     </span>
     <span class='ocr_line' id='line_1_29' title="bbox 254 2026 1739 2073; baseline 0.006 -13"><span class='ocrx_word' id='word_1_257' title='bbox 254 2026 523 2070; x_wconf 85' lang='lat' dir='ltr'><strong><em>possessionis,</em></strong></span> <span class='ocrx_word' id='word_1_258' title='bbox 541 2033 581 2061; x_wconf 90' lang='lat' dir='ltr'><strong><em>et</em></strong></span> <span class='ocrx_word' id='word_1_259' title='bbox 606 2038 686 2062; x_wconf 91' lang='lat' dir='ltr'><strong><em>non</em></strong></span> <span class='ocrx_word' id='word_1_260' title='bbox 705 2038 753 2062; x_wconf 88' lang='lat' dir='ltr'><strong><em>ex</em></strong></span> <span class='ocrx_word' id='word_1_261' title='bbox 769 2028 947 2072; x_wconf 86' lang='lat' dir='ltr'><strong><em>jucundo</em></strong></span> <span class='ocrx_word' id='word_1_262' title='bbox 964 2040 1118 2069; x_wconf 89' lang='lat' dir='ltr'><strong><em>usuum,</em></strong></span> <span class='ocrx_word' id='word_1_263' title='bbox 1137 2029 1303 2073; x_wconf 71' lang='lat' dir='ltr'><strong><em>fallitur:</em></strong></span> <span class='ocrx_word' id='word_1_264' title='bbox 1332 2031 1454 2066; x_wconf 93' lang='lat' dir='ltr'><strong><em>homo</em></strong></span> <span class='ocrx_word' id='word_1_265' title='bbox 1472 2033 1679 2069; x_wconf 89' lang='lat' dir='ltr'><strong><em>confirmet</em></strong></span> <span class='ocrx_word' id='word_1_266' title='bbox 1696 2046 1739 2070; x_wconf 83' lang='lat' dir='ltr'><strong><em>se</em></strong></span> 
     </span>
     <span class='ocr_line' id='line_1_30' title="bbox 252 2073 1739 2123; baseline 0.006 -17"><span class='ocrx_word' id='word_1_267' title='bbox 252 2080 443 2118; x_wconf 91' lang='lat' dir='ltr'><strong><em>quantum</em></strong></span> <span class='ocrx_word' id='word_1_268' title='bbox 471 2073 595 2118; x_wconf 88' lang='lat' dir='ltr'><strong><em>possit</em></strong></span> <span class='ocrx_word' id='word_1_269' title='bbox 620 2075 726 2119; x_wconf 90' lang='lat' dir='ltr'><strong><em>quod</em></strong></span> <span class='ocrx_word' id='word_1_270' title='bbox 755 2073 862 2109; x_wconf 88' lang='lat' dir='ltr'><strong><em>Deus</em></strong></span> <span class='ocrx_word' id='word_1_271' title='bbox 890 2075 952 2115; x_wconf 87' lang='lat' dir='ltr'><strong><em>sit,</em></strong></span> <span class='ocrx_word' id='word_1_272' title='bbox 978 2087 1026 2110; x_wconf 86' lang='lat' dir='ltr'><strong><em>ex</em></strong></span> <span class='ocrx_word' id='word_1_273' title='bbox 1052 2076 1194 2116; x_wconf 88' lang='lat' dir='ltr'><strong><em>Verbo,</em></strong></span> <span class='ocrx_word' id='word_1_274' title='bbox 1221 2088 1268 2112; x_wconf 82' lang='lat' dir='ltr'><strong><em>ex</em></strong></span> <span class='ocrx_word' id='word_1_275' title='bbox 1294 2079 1664 2123; x_wconf 85' lang='lat' dir='ltr'><strong><em>praedicationibus,</em></strong></span> <span class='ocrx_word' id='word_1_276' title='bbox 1690 2093 1739 2116; x_wconf 79' lang='lat' dir='ltr'><strong><em>ex</em></strong></span> 
     </span>
     <span class='ocr_line' id='line_1_31' title="bbox 252 2118 1740 2173; baseline 0.007 -20"><span class='ocrx_word' id='word_1_277' title='bbox 252 2118 371 2159; x_wconf 88' lang='lat' dir='ltr'><strong><em>libris,</em></strong></span> <span class='ocrx_word' id='word_1_278' title='bbox 385 2130 433 2154; x_wconf 86' lang='lat' dir='ltr'><strong><em>ex</em></strong></span> <span class='ocrx_word' id='word_1_279' title='bbox 451 2119 598 2155; x_wconf 84' lang='lat' dir='ltr'><strong><em>lumine</em></strong></span> <span class='ocrx_word' id='word_1_280' title='bbox 616 2121 789 2161; x_wconf 86' lang='lat' dir='ltr'><strong><em>rationis,</em></strong></span> <span class='ocrx_word' id='word_1_281' title='bbox 804 2128 843 2156; x_wconf 89' lang='lat' dir='ltr'><strong><em>et</em></strong></span> <span class='ocrx_word' id='word_1_282' title='bbox 861 2122 952 2156; x_wconf 90' lang='lat' dir='ltr'><strong><em>inde</em></strong></span> <span class='ocrx_word' id='word_1_283' title='bbox 970 2122 1043 2157; x_wconf 90' lang='lat' dir='ltr'><strong><em>sibi</em></strong></span> <span class='ocrx_word' id='word_1_284' title='bbox 1062 2124 1295 2167; x_wconf 83' lang='lat' dir='ltr'><strong><em>persuadeat</em></strong></span> <span class='ocrx_word' id='word_1_285' title='bbox 1309 2126 1417 2170; x_wconf 89' lang='lat' dir='ltr'><strong><em>quod</em></strong></span> <span class='ocrx_word' id='word_1_286' title='bbox 1435 2127 1588 2166; x_wconf 78' lang='lat' dir='ltr'><strong><em>credat:</em></strong></span> <span class='ocrx_word' id='word_1_287' title='bbox 1614 2139 1740 2173; x_wconf 87' lang='lat' dir='ltr'><strong><em>usque</em></strong></span> 
     </span>
     <span class='ocr_line' id='line_1_32' title="bbox 253 2166 1739 2209; baseline 0.007 -10"><span class='ocrx_word' id='word_1_288' title='bbox 253 2176 333 2200; x_wconf 89' lang='lat' dir='ltr'><strong><em>non</em></strong></span> <span class='ocrx_word' id='word_1_289' title='bbox 351 2166 487 2206; x_wconf 88' lang='lat' dir='ltr'><strong><em>credit,</em></strong></span> <span class='ocrx_word' id='word_1_290' title='bbox 504 2167 537 2201; x_wconf 89' lang='lat' dir='ltr'><strong><em>si</em></strong></span> <span class='ocrx_word' id='word_1_291' title='bbox 563 2178 642 2202; x_wconf 91' lang='lat' dir='ltr'><strong><em>non</em></strong></span> <span class='ocrx_word' id='word_1_292' title='bbox 669 2168 772 2202; x_wconf 82' lang='lat' dir='ltr'><strong><em>mala</em></strong></span> <span class='ocrx_word' id='word_1_293' title='bbox 796 2179 844 2202; x_wconf 87' lang='lat' dir='ltr'><strong><em>ex</em></strong></span> <span class='ocrx_word' id='word_1_294' title='bbox 860 2179 994 2203; x_wconf 90' lang='lat' dir='ltr'><strong><em>amore</em></strong></span> <span class='ocrx_word' id='word_1_295' title='bbox 1014 2170 1074 2204; x_wconf 94' lang='lat' dir='ltr'><strong><em>sui</em></strong></span> <span class='ocrx_word' id='word_1_296' title='bbox 1100 2177 1140 2204; x_wconf 90' lang='lat' dir='ltr'><strong><em>et</em></strong></span> <span class='ocrx_word' id='word_1_297' title='bbox 1158 2172 1295 2205; x_wconf 91' lang='lat' dir='ltr'><strong><em>mundi</em></strong></span> <span class='ocrx_word' id='word_1_298' title='bbox 1313 2173 1568 2208; x_wconf 82' lang='lat' dir='ltr'><strong><em>scaturientia</em></strong></span> <span class='ocrx_word' id='word_1_299' title='bbox 1586 2182 1739 2209; x_wconf 85' lang='lat' dir='ltr'><strong><em>remota</em></strong></span> 
     </span>
     <span class='ocr_line' id='line_1_33' title="bbox 253 2212 1739 2262; baseline 0.007 -16"><span class='ocrx_word' id='word_1_300' title='bbox 253 2219 356 2247; x_wconf 89' lang='lat' dir='ltr'><strong><em>sunt.</em></strong></span> <span class='ocrx_word' id='word_1_301' title='bbox 405 2212 534 2248; x_wconf 85' lang='lat' dir='ltr'><strong><em>Causa</em></strong></span> <span class='ocrx_word' id='word_1_302' title='bbox 557 2221 627 2254; x_wconf 89' lang='lat' dir='ltr'><strong><em>est,</em></strong></span> <span class='ocrx_word' id='word_1_303' title='bbox 645 2215 738 2260; x_wconf 90' lang='lat' dir='ltr'><strong><em>quia</em></strong></span> <span class='ocrx_word' id='word_1_304' title='bbox 763 2215 866 2249; x_wconf 89' lang='lat' dir='ltr'><strong><em>mala</em></strong></span> <span class='ocrx_word' id='word_1_305' title='bbox 889 2222 929 2250; x_wconf 91' lang='lat' dir='ltr'><strong><em>et</em></strong></span> <span class='ocrx_word' id='word_1_306' title='bbox 954 2227 1090 2250; x_wconf 83' lang='lat' dir='ltr'><strong><em>eorum</em></strong></span> <span class='ocrx_word' id='word_1_307' title='bbox 1107 2217 1282 2262; x_wconf 86' lang='lat' dir='ltr'><strong><em>jucunda</em></strong></span> <span class='ocrx_word' id='word_1_308' title='bbox 1302 2220 1473 2258; x_wconf 79' lang='lat' dir='ltr'><strong><em>obstant,</em></strong></span> <span class='ocrx_word' id='word_1_309' title='bbox 1492 2227 1531 2255; x_wconf 91' lang='lat' dir='ltr'><strong><em>et</em></strong></span> <span class='ocrx_word' id='word_1_310' title='bbox 1558 2221 1739 2256; x_wconf 84' lang='lat' dir='ltr'><strong><em>inhibent</em></strong></span> 
     </span>
     <span class='ocr_line' id='line_1_34' title="bbox 253 2260 1738 2309; baseline 0.006 -16"><span class='ocrx_word' id='word_1_311' title='bbox 253 2269 299 2293; x_wconf 89' lang='lat' dir='ltr'><strong><em>ac</em></strong></span> <span class='ocrx_word' id='word_1_312' title='bbox 316 2260 508 2304; x_wconf 84' lang='lat' dir='ltr'><strong><em>repellunt</em></strong></span> <span class='ocrx_word' id='word_1_313' title='bbox 526 2261 629 2295; x_wconf 83' lang='lat' dir='ltr'><strong><em>bona</em></strong></span> <span class='ocrx_word' id='word_1_314' title='bbox 642 2268 681 2295; x_wconf 88' lang='lat' dir='ltr'><strong><em>et</em></strong></span> <span class='ocrx_word' id='word_1_315' title='bbox 698 2260 834 2296; x_wconf 88' lang='lat' dir='ltr'><strong><em>eorum</em></strong></span> <span class='ocrx_word' id='word_1_316' title='bbox 848 2263 1022 2307; x_wconf 88' lang='lat' dir='ltr'><strong><em>jucunda</em></strong></span> <span class='ocrx_word' id='word_1_317' title='bbox 1039 2274 1060 2298; x_wconf 90' lang='lat' dir='ltr'><strong><em>e</em></strong></span> <span class='ocrx_word' id='word_1_318' title='bbox 1078 2265 1198 2304; x_wconf 89' lang='lat' dir='ltr'><strong><em>caelo,</em></strong></span> <span class='ocrx_word' id='word_1_319' title='bbox 1213 2272 1252 2299; x_wconf 91' lang='lat' dir='ltr'><strong><em>et</em></strong></span> <span class='ocrx_word' id='word_1_320' title='bbox 1270 2266 1362 2300; x_wconf 91' lang='lat' dir='ltr'><strong><em>inde</em></strong></span> <span class='ocrx_word' id='word_1_321' title='bbox 1376 2266 1716 2302; x_wconf 87' lang='lat' dir='ltr'><strong><em>confirmationem</em></strong></span> <span class='ocrx_word' id='word_1_322' title='bbox 1730 2281 1738 2309; x_wconf 90' lang='lat'>;</span> 
     </span>
     <span class='ocr_line' id='line_1_35' title="bbox 253 2308 1739 2358; baseline 0.006 -18"><span class='ocrx_word' id='word_1_323' title='bbox 253 2312 293 2340; x_wconf 87' lang='lat' dir='ltr'><strong><em>et</em></strong></span> <span class='ocrx_word' id='word_1_324' title='bbox 310 2312 521 2351; x_wconf 86' lang='lat' dir='ltr'><strong><em>antequam</em></strong></span> <span class='ocrx_word' id='word_1_325' title='bbox 546 2308 698 2342; x_wconf 91' lang='lat' dir='ltr'><strong><em>caelum</em></strong></span> <span class='ocrx_word' id='word_1_326' title='bbox 724 2309 941 2348; x_wconf 83' lang='lat' dir='ltr'><strong><em>confirmat¹</em></strong></span> <span class='ocrx_word' id='word_1_327' title='bbox 961 2317 1021 2344; x_wconf 90' lang='lat' dir='ltr'><strong><em>est</em></strong></span> <span class='ocrx_word' id='word_1_328' title='bbox 1047 2311 1167 2345; x_wconf 91' lang='lat' dir='ltr'><strong><em>modo</em></strong></span> <span class='ocrx_word' id='word_1_329' title='bbox 1188 2311 1285 2346; x_wconf 87' lang='lat' dir='ltr'><strong><em>fides</em></strong></span> <span class='ocrx_word' id='word_1_330' title='bbox 1310 2313 1400 2351; x_wconf 91' lang='lat' dir='ltr'><strong><em>oris,</em></strong></span> <span class='ocrx_word' id='word_1_331' title='bbox 1419 2324 1519 2358; x_wconf 90' lang='lat' dir='ltr'><strong><em>quae</em></strong></span> <span class='ocrx_word' id='word_1_332' title='bbox 1546 2314 1584 2347; x_wconf 92' lang='lat' dir='ltr'><strong><em>in</em></strong></span> <span class='ocrx_word' id='word_1_333' title='bbox 1611 2325 1653 2349; x_wconf 92' lang='lat' dir='ltr'><strong><em>se</em></strong></span> <span class='ocrx_word' id='word_1_334' title='bbox 1678 2323 1739 2350; x_wconf 89' lang='lat' dir='ltr'><strong><em>est</em></strong></span> 
     </span>
     <span class='ocr_line' id='line_1_36' title="bbox 254 2352 1738 2402; baseline 0.007 -16"><span class='ocrx_word' id='word_1_335' title='bbox 254 2352 361 2386; x_wconf 90' lang='lat' dir='ltr'><strong><em>nulla</em></strong></span> <span class='ocrx_word' id='word_1_336' title='bbox 377 2352 484 2393; x_wconf 89' lang='lat' dir='ltr'><strong><em>fides,</em></strong></span> <span class='ocrx_word' id='word_1_337' title='bbox 499 2360 539 2388; x_wconf 91' lang='lat' dir='ltr'><strong><em>et</em></strong></span> <span class='ocrx_word' id='word_1_338' title='bbox 556 2364 636 2388; x_wconf 89' lang='lat' dir='ltr'><strong><em>non</em></strong></span> <span class='ocrx_word' id='word_1_339' title='bbox 650 2355 746 2390; x_wconf 89' lang='lat' dir='ltr'><strong><em>fides</em></strong></span> <span class='ocrx_word' id='word_1_340' title='bbox 760 2356 901 2396; x_wconf 85' lang='lat' dir='ltr'><strong><em>cordis,</em></strong></span> <span class='ocrx_word' id='word_1_341' title='bbox 915 2367 1015 2401; x_wconf 92' lang='lat' dir='ltr'><strong><em>quae</em></strong></span> <span class='ocrx_word' id='word_1_342' title='bbox 1033 2364 1093 2392; x_wconf 94' lang='lat' dir='ltr'><strong><em>est</em></strong></span> <span class='ocrx_word' id='word_1_343' title='bbox 1112 2358 1196 2402; x_wconf 88' lang='lat' dir='ltr'><strong><em>ipsa</em></strong></span> <span class='ocrx_word' id='word_1_344' title='bbox 1213 2358 1333 2393; x_wconf 80' lang='lat' dir='ltr'><strong><em>fides:</em></strong></span> <span class='ocrx_word' id='word_1_345' title='bbox 1356 2359 1452 2394; x_wconf 92' lang='lat' dir='ltr'><strong><em>fides</em></strong></span> <span class='ocrx_word' id='word_1_346' title='bbox 1466 2360 1544 2395; x_wconf 86' lang='lat' dir='ltr'><strong><em>oris</em></strong></span> <span class='ocrx_word' id='word_1_347' title='bbox 1562 2368 1622 2395; x_wconf 79' lang='lat' dir='ltr'><strong><em>est</em></strong></span> <span class='ocrx_word' id='word_1_348' title='bbox 1639 2361 1738 2397; x_wconf 80' lang='lat' dir='ltr'><strong><em>fides</em></strong></span> 
     </span>
     <span class='ocr_line' id='line_1_37' title="bbox 254 2398 1738 2450; baseline 0.007 -18"><span class='ocrx_word' id='word_1_349' title='bbox 254 2398 294 2432; x_wconf 86' lang='lat' dir='ltr'><strong><em>in</em></strong></span> <span class='ocrx_word' id='word_1_350' title='bbox 311 2399 493 2439; x_wconf 83' lang='lat' dir='ltr'><strong><em>externis,</em></strong></span> <span class='ocrx_word' id='word_1_351' title='bbox 511 2400 609 2435; x_wconf 86' lang='lat' dir='ltr'><strong><em>fides</em></strong></span> <span class='ocrx_word' id='word_1_352' title='bbox 625 2401 755 2436; x_wconf 90' lang='lat' dir='ltr'><strong><em>cordis</em></strong></span> <span class='ocrx_word' id='word_1_353' title='bbox 772 2409 832 2437; x_wconf 90' lang='lat' dir='ltr'><strong><em>est</em></strong></span> <span class='ocrx_word' id='word_1_354' title='bbox 849 2402 947 2437; x_wconf 90' lang='lat' dir='ltr'><strong><em>fides</em></strong></span> <span class='ocrx_word' id='word_1_355' title='bbox 971 2403 1009 2437; x_wconf 91' lang='lat' dir='ltr'><strong><em>in</em></strong></span> <span class='ocrx_word' id='word_1_356' title='bbox 1029 2403 1212 2445; x_wconf 71' lang='lat' dir='ltr'><strong><em>internis:</em></strong></span> <span class='ocrx_word' id='word_1_357' title='bbox 1242 2407 1401 2450; x_wconf 89' lang='lat' dir='ltr'><strong><em>quando</em></strong></span> <span class='ocrx_word' id='word_1_358' title='bbox 1420 2406 1573 2441; x_wconf 87' lang='lat' dir='ltr'><strong><em>interna</em></strong></span> <span class='ocrx_word' id='word_1_359' title='bbox 1590 2408 1738 2442; x_wconf 87' lang='lat' dir='ltr'><strong><em>consti-</em></strong></span> 
     </span>
     <span class='ocr_line' id='line_1_38' title="bbox 254 2446 1736 2493; baseline 0.007 -14"><span class='ocrx_word' id='word_1_360' title='bbox 254 2451 347 2489; x_wconf 86' lang='lat' dir='ltr'><strong><em>pata</em></strong></span> <span class='ocrx_word' id='word_1_361' title='bbox 362 2453 455 2480; x_wconf 84' lang='lat' dir='ltr'><strong><em>sunt</em></strong></span> <span class='ocrx_word' id='word_1_362' title='bbox 472 2446 601 2481; x_wconf 91' lang='lat' dir='ltr'><strong><em>omnis</em></strong></span> <span class='ocrx_word' id='word_1_363' title='bbox 619 2448 773 2493; x_wconf 83' lang='lat' dir='ltr'><strong><em>generis</em></strong></span> <span class='ocrx_word' id='word_1_364' title='bbox 791 2449 913 2489; x_wconf 89' lang='lat' dir='ltr'><strong><em>malis,</em></strong></span> <span class='ocrx_word' id='word_1_365' title='bbox 928 2455 1023 2484; x_wconf 90' lang='lat' dir='ltr'><strong><em>tunc</em></strong></span> <span class='ocrx_word' id='word_1_366' title='bbox 1041 2451 1182 2485; x_wconf 88' lang='lat' dir='ltr'><strong><em>ablatis</em></strong></span> <span class='ocrx_word' id='word_1_367' title='bbox 1200 2452 1382 2492; x_wconf 85' lang='lat' dir='ltr'><strong><em>externis,</em></strong></span> <span class='ocrx_word' id='word_1_368' title='bbox 1396 2460 1440 2486; x_wconf 89' lang='lat' dir='ltr'><strong><em>ut</em></strong></span> <span class='ocrx_word' id='word_1_369' title='bbox 1458 2453 1502 2487; x_wconf 88' lang='lat' dir='ltr'><strong><em>fit</em></strong></span> <span class='ocrx_word' id='word_1_370' title='bbox 1519 2464 1609 2488; x_wconf 89' lang='lat' dir='ltr'><strong><em>cum</em></strong></span> <span class='ocrx_word' id='word_1_371' title='bbox 1627 2455 1736 2489; x_wconf 89' lang='lat' dir='ltr'><strong><em>omni</em></strong></span> 
     </span>
    </p>
   </div>
   <div class='ocr_carea' id='block_1_10' title="bbox 253 2491 1737 2574">
    <p class='ocr_par' dir='ltr' id='par_1_11' title="bbox 253 2491 1737 2574">
     <span class='ocr_line' id='line_1_39' title="bbox 254 2491 1737 2546; baseline 0.007 -20"><span class='ocrx_word' id='word_1_372' title='bbox 254 2491 416 2545; x_wconf 75' lang='lat' dir='ltr'><strong><em>homine</em></strong></span> <span class='ocrx_word' id='word_1_373' title='bbox 433 2500 523 2538; x_wconf 89' lang='lat' dir='ltr'><strong><em>post</em></strong></span> <span class='ocrx_word' id='word_1_374' title='bbox 541 2501 720 2535; x_wconf 84' lang='lat' dir='ltr'><strong><em>mortem,</em></strong></span> <span class='ocrx_word' id='word_1_375' title='bbox 739 2495 862 2531; x_wconf 81' lang='lat' dir='ltr'><strong><em>h&#39;omo</em></strong></span> <span class='ocrx_word' id='word_1_376' title='bbox 886 2507 934 2531; x_wconf 83' lang='lat' dir='ltr'><strong><em>ex</em></strong></span> <span class='ocrx_word' id='word_1_377' title='bbox 961 2496 1035 2532; x_wconf 90' lang='lat' dir='ltr'><strong><em>illis</em></strong></span> <span class='ocrx_word' id='word_1_378' title='bbox 1061 2498 1188 2543; x_wconf 87' lang='lat' dir='ltr'><strong><em>rejicit</em></strong></span> <span class='ocrx_word' id='word_1_379' title='bbox 1215 2499 1333 2533; x_wconf 88' lang='lat' dir='ltr'><strong><em>etiam</em></strong></span> <span class='ocrx_word' id='word_1_380' title='bbox 1353 2499 1469 2534; x_wconf 88' lang='lat' dir='ltr'><strong><em>fidem</em></strong></span> <span class='ocrx_word' id='word_1_381' title='bbox 1493 2501 1600 2546; x_wconf 91' lang='lat' dir='ltr'><strong><em>quod</em></strong></span> <span class='ocrx_word' id='word_1_382' title='bbox 1628 2501 1737 2537; x_wconf 90' lang='lat' dir='ltr'><strong><em>Deus</em></strong></span> 
     </span>
     <span class='ocr_line' id='line_1_40' title="bbox 253 2545 316 2574; baseline 0.016 -1"><span class='ocrx_word' id='word_1_383' title='bbox 253 2545 316 2574; x_wconf 81' lang='lat' dir='ltr'><strong><em>Slt.</em></strong></span> 
     </span>
    </p>
   </div>
  </div>
 </body>
</html>
