1962 3328
242 268 351 317 2482
658 274 991 307 APOCALYPSIS
1022 273 1322 306 EXPLICATA.

792 452 1180 483 EXPLICATIO.

888 550 1024 573 VERSUS
1051 550 1064 572 1
1072 567 1078 573 .

318 619 448 662 9250
487 625 504 636 ‘⁶
514 623 549 649 Et
564 624 622 650 vidi
636 624 715 649 aliud
728 624 839 656 signum
856 624 884 649 in
901 625 989 654 caelo,
1004 631 1135 656 maynum
1149 625 1178 650 et
1192 623 1341 651 mirabile:
1361 624 1481 655 anqelos
1496 624 1606 655 septem
1623 622 1732 648 haben·

237 665 283 689 tes
298 665 402 695 pla-mis
417 665 529 695 septem
545 664 673 693 ultimas,
691 664 823 695 quoniam
839 664 868 690 1'n
885 664 944 690 ills-⁹
960 665 1158 690 consummata
1172 665 1219 690 est
1233 663 1280 689 Ινα
1294 663 1350 689 Dei.
1358 663 1374 673 ”

285 745 313 767 1.
347 736 411 769 “Et
427 735 495 769 vidi
507 735 607 769 allud
619 735 753 780 sfymlm
766 736 799 769 in
813 736 935 774 caelol'
950 736 1113 777 significat
1128 748 1184 767 νει
1188 737 1360 767 elatwnem
1377 748 1398 766 α
1415 737 1572 773 Domz'‚no
1590 737 1629 766 de
1644 741 1732 766 statu

413 782 561 811 ecclesme
585 787 663 811 ante
687 782 845 811 ullzmum
866 781 1040 822 jffudzcmm
1076 781 1123 823 [n.
1149 780 1254 822 926];
1290 785 1468 823 “magnum
1493 783 1530 813 et
1550 779 1732 817 mirabile,''

415 825 577 866 significat
593 836 633 856 ex
650 826 786 856 Dzvzna
812 826 1047 866 omnipotentm
1072 830 1102 855 et
1117 826 1335 866 providentia
1362 826 1410 868 [n.
1429 825 1534 867 927];
1569 825 1732 867 “angelos

414 872 546 919 septem
573 868 738 902 habentes
763 870 888 911 plagas
911 871 1043 911 septem
1068 868 1234 906 ultil'mas
1259 869 1423 910 significat
1449 881 1470 900 a
1499 869 1647 900 Domino
1669 874 1733 910 per

415 914 505 945 Dz'fz
483 925 588 944 mum
615 913 734 945 Verum
754 914 968 955 mamseslata
994 914 1084 944 mala
1108 918 1138 943 et
1150 914 1247 954 falsa
1273 924 1309 944 ιη
1335 914 1429 944 omni
1451 914 1631 954 complexu,
1648 924 1732 954 quae

404 964 546 999 prorsus
561 959 782 988 devastarunt
796 958 958 988 ecclesiam
976 958 1087 998 quoad
1099 958 1213 988 omnia
1230 958 1314 988 bona
1331 962 1361 988 et
1375 968 1454 988 vera
1471 969 1540 999 esus
1559 957 1610 1000 [n.
1624 956 1728 999 928];

414 1001 591 1046 “quoniam
607 1001 641 1034 Ῐη
657 1001 726 1035 mis
743 1003 979 1035 consummata
992 1003 1048 1034 est
1061 1000 1116 1034 ira
1128 1000 1216 1039 oei?
1228 1001 1391 1043 significat
1403 1002 1565 1044 sicfinem
1582 1002 1730 1032 ecclesiae

416 1047 466 1089 [n
485 1046 581 1089 829]

314 1142 448 1194 926.
480 1151 585 1190 [Vers.
604 1152 645 1190 1.]
677 1141 756 1181 “Et
772 1141 848 1181 vidi
859 1141 970 1181 aliud
980 1140 1138 1194 slynum
1158 1141 1198 1180 in
1214 1140 1568 1194 caelest—Quod
1591 1141 1731 1194 signi-

235 1201 339 1243 ficet
365 1202 670 1243 revelationem
696 1217 723 1243 a
748 1203 934 1243 Domino
960 1202 1012 1242 de
1035 1209 1158 1243 statu
1182 1202 1382 1242 ecclesiae
1399 1202 1605 1254 proxime
1628 1209 1731 1242 Zznte

234 1263 436 1305 ultimum
453 1265 685 1318 judicium,
721 1272 901 1306 constat
933 1280 991 1306 ex
1025 1264 1353 1318 significatione
1383 1264 1580 1318 “signi,'’
1606 1265 1727 1318 quod

234 1328 292 1367 sit
323 1328 554 1376 revelatio,
584 1335 629 1369 et
661 1343 721 1369 ex
753 1328 1081 1381 significatione
1111 1327 1300 1376 “caeli,”
1327 1328 1447 1381 quod
1480 1329 1537 1368 sit
1570 1328 1727 1368 Domi-

235 1402 317 1428 nus
336 1399 390 1435 (de
403 1408 467 1436 qua
479 1400 647 1437 sequitur).
699 1389 835 1442 Quod
857 1389 1075 1442 “signum
1091 1389 1110 1403 ”
1128 1389 1354 1441 significet
1377 1388 1725 1436 revelationem,

234 1456 304 1490 est
330 1451 433 1503 quia
459 1464 537 1503 per
562 1452 778 1503 “signum
791 1450 809 1466 ’⁹
832 1450 1148 1503 intelliguntur
1174 1450 1249 1490 illa
1275 1464 1389 1503 quae
1413 1450 1607 1503 Johanni
1632 1451 1728 1490 visa

233 1519 352 1561 sunt,
381 1520 427 1554 et
460 1528 572 1567 quae
605 1515 648 1554 in
676 1514 969 1567 sequentibus
996 1519 1328 1563 memorantur;
1367 1520 1412 1553 et
1445 1513 1522 1553 illa
1548 1527 1661 1566 quae
1687 1514 1727 1554 ei

232 1576 327 1615 visa
349 1582 465 1625 sunt,
487 1576 723 1617 involvunt
743 1590 907 1617 arcana
929 1577 984 1617 de
1007 1583 1130 1617 statu
1148 1576 1366 1617 ecclesiae
1390 1577 1595 1629 proxime
1619 1582 1726 1617 ante

234 1638 440 1678 ultimum
473 1639 711 1691 judicium:
759 1641 803 1680 in
846 1653 1011 1692 genere
1050 1641 1168 1680 enim
1206 1640 1414 1693 quicquid
1452 1646 1639 1693 apparet
1682 1640 1726 1680 in

234 1701 374 1749 caelo,
409 1709 595 1754 apparet
633 1716 810 1754 prorsus
848 1703 961 1743 sicut
998 1702 1089 1743 tale
1127 1702 1247 1755 quod
1284 1703 1326 1742 in
1364 1702 1533 1743 mundo
1570 1708 1726 1743 nostro

233 1765 454 1805 materiali
481 1780 539 1805 ex
567 1766 730 1818 triplici
755 1766 849 1819 ejus
872 1779 1014 1819 regno
1036 1766 1221 1816 existit;
1255 1772 1300 1806 et
1327 1779 1381 1806 ea
1407 1778 1558 1806 coram
1585 1765 1726 1806 oculis

232 1827 497 1880 angelorum
525 1836 744 1881 apparent
772 1843 951 1882 prorsus
983 1830 1096 1870 sicut
1129 1829 1238 1869 talia
1266 1843 1380 1882 quae
1413 1835 1517 1869 sunt
1548 1842 1607 1868 ex
1638 1827 1724 1868 illis

231 1891 381 1942 regnis
419 1904 570 1931 coram
609 1892 749 1932 oculis
787 1893 1019 1932 hominum
1061 1893 1104 1932 in
1147 1892 1327 1932 mundo.
1389 1891 1630 1944 Apparent
1666 1891 1726 1931 ibi

231 1966 400 2001 aurum,
444 1961 699 2006 argentum,
743 1968 943 2007 cuprum,
988 1961 1215 2003 stannum,
1260 1954 1507 2007 plumbum,
1552 1953 1724 2006 lapides

232 2017 415 2066 pretiosi
438 2024 483 2057 et
507 2031 595 2057 non
620 2019 817 2070 pretiosi,
843 2019 1017 2066 humus,
1043 2025 1202 2066 terrae,
1228 2025 1422 2065 monteS,
1447 2016 1601 2065 colles,
1626 2015 1724 2056 val-

232 2078 310 2126 les,
345 2093 499 2132 aquae,
533 2080 695 2128 fontes,
730 2087 776 2122 et
808 2081 977 2134 reliqua
1009 2095 1122 2134 quae
1159 2088 1263 2122 sunt
1299 2081 1427 2133 regni
1465 2079 1722 2120 mineralis:

230 2149 449 2193 apparent
483 2144 688 2195 paradisi,
724 2145 855 2192 horti,
890 2144 1041 2192 silvae,
1076 2144 1259 2184 arbores
1290 2143 1538 2184 fruetiferae
1577 2144 1723 2184 omnis

230 2206 420 2255 generis,
449 2207 605 2254 vireta,
635 2221 835 2257 messes;
874 2209 1034 2260 campi,
1069 2208 1263 2256 floribus,
1298 2207 1446 2247 herbis
1478 2213 1524 2247 et
1556 2207 1723 2259 grami-

230 2267 358 2307 nibus
377 2270 520 2308 omnis
538 2271 715 2321 generis
733 2271 882 2311 referti
900 2285 908 2320 ;
944 2277 1040 2311 tum
1058 2285 1171 2323 quae
1194 2285 1253 2311 ex
1275 2270 1376 2318 illis,
1397 2277 1444 2310 ut
1468 2269 1582 2318 olea,
1603 2270 1720 2318 vina,

230 2331 410 2378 sicerae,
445 2338 490 2372 et
522 2332 691 2386 reliqua
723 2347 836 2386 quae
869 2340 973 2374 sunt
1005 2334 1132 2386 regni
1163 2333 1458 2386 vegetabilis:
1503 2339 1723 2386 apparent

229 2393 438 2433 animalia
474 2401 633 2443 terrae,
668 2396 870 2436 volatilia
907 2396 1033 2444 caeli,
1075 2397 1220 2448 pisces
1259 2397 1406 2443 maris,
1445 2395 1636 2448 reptilia,
1675 2402 1723 2435 et

229 2455 306 2495 illa
337 2469 395 2495 ex
428 2458 549 2497 omni
581 2472 760 2510 genere,
795 2465 840 2499 et
879 2460 923 2499 in
955 2459 1247 2499 similitudine
1279 2472 1380 2498 cum
1414 2458 1500 2498 illis
1532 2471 1646 2511 quae
1679 2458 1722 2497 in

230 2525 385 2558 nostra
411 2520 584 2568 tellure,
614 2521 693 2562 tali
723 2528 770 2562 ut
798 2522 1012 2574 distingui
1039 2535 1127 2562 non
1156 2522 1355 2574 possint;
1394 2534 1481 2574 ego
1513 2520 1589 2561 illa
1615 2521 1718 2567 vidi,

230 2594 310 2621 nec
337 2584 460 2633 potui
479 2584 767 2636 distinguere.
824 2584 913 2625 Sed
937 2599 1074 2638 usque
1092 2584 1342 2625 differentia
1364 2593 1432 2624 est
1456 2584 1581 2633 haec,
1602 2584 1722 2637 quod

229 2645 305 2684 illa
337 2659 450 2697 quae
482 2647 524 2686 in
558 2647 684 2687 caelo
717 2654 950 2700 apparent,
980 2662 1038 2688 ex
1072 2649 1243 2701 origine
1271 2647 1488 2700 spirituali
1515 2648 1635 2698 sint;
1674 2654 1722 2688 at

229 2721 282 2746 ea
313 2721 426 2760 quae
463 2709 506 2748 in
544 2717 701 2751 nostro
734 2711 902 2752 mundo
933 2718 1166 2764 apparent,
1201 2725 1260 2752 ex
1297 2711 1466 2763 origine
1500 2710 1721 2751 materiali

230 2770 345 2819 sint;
380 2777 424 2810 et
452 2785 563 2823 quae
591 2787 647 2812 ex
673 2774 842 2826 origine
870 2773 1085 2826 spirituali
1112 2781 1229 2822 sunt,
1255 2788 1308 2814 ea
1334 2773 1534 2814 afficiunt
1560 2787 1718 2814 sensus

229 2833 506 2885 angelorum,
533 2837 632 2888 quia
659 2837 911 2888 spirituales
938 2844 1056 2886 sunt,
1081 2851 1221 2890 aeque
1249 2850 1299 2878 ac
1327 2851 1379 2877 ea
1405 2851 1518 2891 quae
1544 2852 1603 2878 ex
1630 2838 1719 2878 ori-

230 2896 334 2948 gine
368 2898 587 2938 materiali
619 2906 722 2940 sunt
755 2899 954 2941 afficiunt
982 2914 1139 2942 sensus
1166 2900 1411 2950 hominurn,
1441 2901 1542 2954 quia
1573 2905 1717 2942 mate·
