1962 3328
625 243 731 276 CAP.
754 243 849 283 XV„
876 241 1014 274 VERs.
1036 233 1184 273 6.-—-N.
1210 242 1306 285 951.
1597 243 1708 286 2509

226 357 285 397 sit
320 369 398 409 per
434 355 599 395 Divina
627 369 735 395 vera
769 354 923 402 Verbi,
956 367 1071 407 quae
1106 354 1150 393 in
1187 366 1321 393 sensu
1358 351 1450 405 ejus
1487 352 1706 405 spirituali

164 461 167 464 Α
227 426 358 469 sunt;
395 418 595 459 Verbum
621 418 740 458 enim
771 423 842 457 est
874 414 1143 468 conjunffio,
1170 423 1219 456 at
1251 422 1357 456 tunc
1390 421 1460 455 est
1491 414 1705 466 conjunc-

227 483 292 522 tio
322 494 423 522 cum
455 481 592 520 homo
625 479 826 520 Verbum
862 479 1068 518 similiter
1101 479 1214 518 sicut
1252 477 1404 530 angeli
1440 477 1705 530 percipiunt.

228 543 362 596 Quod
387 542 593 583 “linum”
615 541 839 595 significet
861 554 1029 589 verum,
1053 542 1097 580 in
1123 547 1342 594 sequente
1368 539 1558 580 articulo
1580 539 1706 580 vide-

226 607 357 647 bitur.

239 727 422 752 mm.)
620 753 705 792 [DE
730 754 823 783 PRA
826 754 859 783 E
863 753 986 783 CEPT
981 753 1026 782 IS
1049 753 1118 782 DE
1122 753 1207 782 CAL
1214 751 1315 790 OGL]

320 889 378 916 DE
402 890 536 917 muno
563 883 837 927 PRAEci-:PTOL
860 887 981 916 “NON
1009 889 1134 916 Amos
1159 889 1266 916 DEos
1291 889 1380 915 TlBI
1409 881 1614 925 FACIES'].

297 960 417 996 “Non
435 961 534 996 alios
552 961 647 996 deos
664 961 736 996 tibi
754 961 908 1001 facies,”
926 961 1092 996 involvit
1110 961 1230 995 etiam
1247 972 1297 996 ne
1314 966 1439 996 semet
1456 966 1496 995 et
1514 960 1706 995 mundum

221 1016 339 1051 super
354 1008 489 1040 omnia
513 1013 665 1045 ament:
694 1016 785 1040 nam
810 1006 918 1051 quod
943 1016 1061 1050 supra
1085 1016 1220 1040 omnia
1236 1012 1400 1045 amatur,
1420 1006 1496 1040 hoc
1513 1006 1611 1040 deus
1635 1013 1707 1040 est.

223 1052 324 1087 Sunt
341 1053 422 1087 bini
439 1063 592 1087 amores
610 1052 684 1087 sibi
708 1063 866 1098 prorsus
883 1052 1066 1097 oppositi,
1085 1063 1197 1086 amor
1220 1052 1280 1087 sui
1306 1059 1346 1087 et
1370 1063 1482 1086 amor
1499 1052 1539 1086 in
1567 1051 1707 1092 Deum,

220 1106 307 1133 tum
336 1110 448 1134 amor
476 1099 613 1133 mundi
641 1106 681 1133 et
709 1110 821 1133 amor
846 1099 963 1133 caeli:
996 1099 1063 1144 qui
1097 1106 1204 1133 amat
1235 1106 1371 1138 semet,
1398 1099 1431 1133 is
1456 1105 1563 1133 amat
1592 1109 1707 1133 suum

221 1146 434 1191 proprium,
459 1157 506 1180 ac
534 1146 734 1191 proprium
765 1146 937 1180 hominis
966 1156 1046 1180 non
1076 1152 1136 1180 est
1165 1145 1240 1180 nisi
1270 1156 1387 1190 quam
1415 1146 1582 1185 malum;
1616 1146 1708 1180 inde

221 1192 341 1227 etiam
366 1193 399 1227 is
423 1200 530 1227 amat
556 1193 699 1226 malum
721 1192 759 1226 in
778 1192 886 1226 omni
908 1192 1136 1237 complexu:
1162 1199 1202 1226 et
1219 1193 1286 1237 qui
1304 1199 1410 1226 amat
1437 1193 1594 1232 malum,
1613 1192 1708 1227 odio

221 1239 341 1274 habet
357 1239 516 1278 bonum,
535 1245 575 1273 et
597 1239 688 1274 inde
713 1239 832 1273 etiam
859 1238 1000 1273 Deum.
1050 1238 1127 1284 Qui
1153 1246 1260 1273 amat
1285 1246 1412 1274 semet
1427 1250 1546 1284 super
1562 1239 1707 1278 omnia,

221 1285 420 1331 immergit
436 1284 665 1320 affeCHones
682 1292 722 1320 et
739 1285 1001 1331 cogitationes
1018 1297 1109 1320 suas
1125 1286 1279 1330 corpori
1299 1293 1339 1320 et
1363 1286 1419 1320 sic
1446 1286 1606 1331 proprio
1623 1297 1706 1325 suo,

220 1342 245 1366 a
260 1342 341 1377 quo
357 1332 414 1366 sic
431 1343 510 1367 non
530 1338 661 1377 potest
677 1343 701 1366 a
720 1331 893 1367 Domino
910 1332 1073 1372 elevari;
1106 1339 1147 1367 et
1163 1332 1230 1377 qui
1250 1332 1456 1367 immersus
1474 1340 1535 1367 est
1551 1333 1706 1377 corpori

220 1385 261 1413 et
290 1379 449 1423 proprio
477 1390 560 1418 suo,
591 1379 623 1413 is
654 1379 692 1413 in
723 1378 821 1413 ideis
850 1379 1050 1424 corporeis
1079 1386 1149 1418 est,
1175 1386 1216 1413 et
1242 1379 1280 1412 in
1306 1379 1577 1424 voluptatibus
1606 1390 1708 1424 quae

222 1435 328 1460 mere
345 1425 520 1470 corporis
538 1432 640 1465 sunt,
658 1432 699 1460 et
725 1425 816 1460 inde
842 1425 882 1460 in
908 1425 1075 1471 caligine
1092 1426 1224 1470 quoad
1250 1426 1315 1460 illa
1339 1437 1440 1471 quae
1458 1437 1576 1471 supra
1595 1434 1708 1466 sunt;

220 1478 262 1506 at
286 1472 354 1517 qui
379 1472 554 1507 elevatur
577 1483 601 1506 a
627 1472 810 1512 Domino,
830 1472 862 1507 is
886 1472 926 1506 in
951 1472 1038 1507 luce
1063 1480 1142 1512 est:
1172 1479 1212 1507 et
1237 1473 1304 1518 qui
1331 1484 1410 1507 non
1434 1473 1472 1507 in
1497 1473 1583 1507 luce
1609 1473 1707 1508 caeli

222 1525 293 1558 est,
311 1519 380 1553 sed
406 1519 444 1553 in
471 1519 648 1564 caligine,
668 1519 700 1554 is
724 1519 818 1564 quia
842 1530 922 1554 non
947 1519 1057 1554 videt
1082 1519 1230 1564 aliquid
1259 1519 1342 1559 Dei,
1362 1526 1480 1565 negat
1508 1519 1649 1559 Deum,
1668 1527 1707 1554 et

222 1575 294 1610 pro
321 1565 407 1600 Deo
432 1566 611 1611 agnoscit
639 1566 702 1600 vel
729 1565 932 1605 Naturam,
949 1566 1012 1600 vel
1037 1566 1208 1611 aliquem
1227 1566 1440 1606 hominem,
1458 1567 1520 1601 vel
1546 1567 1707 1612 aliquod

222 1611 383 1652 idolum,
402 1619 442 1646 et
466 1623 624 1657 quoque
649 1611 808 1647 affectat
834 1619 879 1647 ut
904 1612 987 1657 ipse
1016 1612 1119 1647 sicut
1146 1612 1253 1648 Deus
1278 1613 1451 1648 colatur:
1485 1613 1576 1648 inde
1602 1624 1707 1648 nunc

220 1658 407 1703 sequitur,
425 1659 532 1704 quod
549 1659 616 1704 qui
634 1666 760 1694 semet
776 1670 894 1704 super
909 1659 1044 1694 omnia
1060 1666 1177 1699 amat,
1196 1660 1294 1695 alios
1312 1660 1408 1695 deos
1425 1660 1541 1695 colat.
1592 1659 1708 1695 Simi-

220 1705 311 1740 liter
334 1705 401 1751 qui
427 1706 631 1745 mundum,
649 1706 718 1740 sed
746 1706 785 1740 in
812 1706 954 1741 minori
979 1707 1124 1751 gradu;
1150 1717 1241 1741 nam
1268 1707 1440 1742 mundus
1469 1718 1549 1742 non
1576 1714 1709 1752 potest

220 1758 375 1786 tantum
389 1753 512 1787 amari
530 1759 721 1798 quantum
740 1760 895 1787 amatur
912 1753 1134 1798 proprium;
1159 1764 1280 1798 quare
1299 1754 1470 1799 mundus
1487 1761 1643 1788 amatur
1659 1765 1708 1789 ex

221 1799 390 1851 proprio,
420 1809 466 1834 ac
495 1806 656 1844 propter
684 1800 897 1844 proprium,
923 1799 1016 1844 quia
1041 1800 1076 1834 ei
1103 1800 1277 1835 inservit.
1330 1800 1406 1835 Per
1429 1811 1605 1835 amorem
1635 1801 1707 1840 sui,

221 1845 453 1891 intelligitur
470 1845 661 1891 imprimis
689 1857 802 1881 amor
830 1846 1048 1891 imperandi
1072 1857 1190 1891 super
1218 1847 1316 1882 alios
1346 1858 1394 1882 ex
1419 1847 1505 1882 solo
1529 1847 1708 1892 jucundo

221 1891 397 1931 dominii,
409 1899 449 1927 et
463 1899 623 1937 propter
635 1893 901 1932 eminentiam,
920 1900 960 1927 et
978 1904 1057 1927 non
1071 1904 1119 1928 ex
1132 1894 1310 1938 jucundo
1324 1905 1478 1933 usuum,
1493 1901 1533 1929 et
1547 1902 1709 1939 propter

220 1938 368 1973 bonum
387 1939 607 1984 publicum:
632 1946 672 1974 et
690 1950 759 1984 per
775 1950 949 1974 amorem
969 1940 1106 1974 mundi
1126 1940 1359 1986 intelligitur
1377 1941 1570 1986 imprimis
1595 1952 1708 1975 amor

220 1985 448 2029 possidendi
466 1986 571 2020 bona
588 1986 627 2020 in
644 1986 796 2020 mundo
813 1997 861 2021 ex
886 1987 972 2021 solo
993 1987 1172 2031 jucundo
1197 1987 1456 2032 possessionis
1480 1995 1520 2022 et
1547 1995 1709 2032 propter

220 2031 474 2076 opulentiam,
492 2039 532 2067 et
558 2043 636 2067 non
664 2043 712 2067 ex
740 2033 917 2078 jucundo
944 2044 1087 2068 usuum
1117 2044 1166 2071 ex
1196 2034 1282 2073 illis,
1299 2041 1339 2068 et
1369 2041 1530 2079 propter
1555 2035 1704 2069 bonum

221 2077 313 2132 inde
322 2089 346 2159 ἒ
357 2085 521 2132 uterque
536 2079 599 2114 ille
612 2090 724 2114 amor
736 2086 796 2114 est
806 2080 954 2125 absque
967 2078 1111 2120 lim'ite;
1138 2080 1227 2120 ruit,
1241 2087 1433 2126 quantum
1448 2082 1565 2116 datur
1581 2081 1706 2126 copia,

221 2135 260 2159 in
280 2136 317 2159 in
350 2132 488 2160 mtum.

299 2229 429 2272 951.
476 2219 701 2271 Quoniam
745 2234 824 2273 per
856 2225 1073 2274 “septem
1109 2222 1315 2274 angelos,
1355 2223 1429 2276 qui
1467 2223 1705 2265 habebant

219 2290 395 2336 septem
418 2283 574 2336 plagas
600 2284 820 2331 ultimas‚‘'
845 2285 1122 2338 significatur
1147 2287 1452 2327 manifestatio
1484 2287 1704 2328 malorum

220 2351 267 2385 et
297 2345 506 2386 falsorum
538 2360 651 2399 quae
682 2347 975 2387 devastarunt
1008 2348 1258 2393 ecclesiam,
1286 2356 1332 2389 et
1364 2350 1465 2402 quia
1497 2350 1704 2390 manifes-

220 2408 335 2448 tatio
365 2406 480 2448 saeta
511 2416 579 2449 est
607 2422 683 2461 per
716 2409 926 2450 Divinum
953 2410 1123 2450 Verum
1155 2412 1197 2450 in
1226 2411 1394 2458 Verbo,
1423 2412 1524 2452 ideo
1555 2413 1706 2466 angeli

219 2469 282 2509 illi
303 2478 602 2523 apparuerunt
624 2472 806 2512 “induti
833 2472 924 2512 lino
946 2473 1115 2513 mundo
1137 2480 1181 2513 et
1205 2473 1443 2525 splendido
1461 2474 1493 2523 ;’‘
1516 2488 1594 2527 per
1613 2475 1704 2516 “li-

219 2532 356 2572 num”
381 2533 498 2573 enirn
529 2534 784 2574 “mundum
816 2541 862 2574 et
894 2535 1208 2587 splendidum’'
1241 2535 1516 2588 significatur
1546 2539 1704 2590 genui-

219 2606 324 2634 num
339 2608 505 2635 verum.
546 2594 715 2636 Omnes
733 2597 868 2636 etiam
886 2597 1035 2649 angeli
1053 2605 1271 2649 apparent
1287 2599 1439 2638 vestiti
1457 2601 1704 2641 secundum

218 2653 491 2707 sunstiones;
525 2671 628 2698 nam
651 2665 814 2705 vestes,
838 2659 995 2711 quibus
1018 2660 1160 2699 induti
1183 2660 1413 2708 incedunt,
1439 2674 1704 2714 correspon-

219 2717 330 2758 dent
361 2733 513 2759 eorum
550 2721 816 2767 ministeriis,
845 2735 896 2761 ac
933 2722 975 2760 in
1011 2735 1177 2773 genere
1213 2736 1366 2763 eorum
1404 2724 1700 2765 interioribus.

219 2779 387 2832 Angeli
427 2783 653 2834 sapientes
693 2797 752 2822 ex
795 2783 958 2824 Divino
995 2783 1118 2823 Vero
1159 2785 1202 2823 in
1247 2785 1445 2825 vestibus
1486 2786 1599 2826 albis
1643 2801 1702 2827 ex

221 2842 421 2892 sindone,
441 2843 577 2896 bysso
602 2851 679 2885 aut
702 2845 792 2886 lino
818 2852 1051 2898 apparent,
1072 2847 1282 2899 quoniam
1303 2848 1540 2897 “sindon,'’
1558 2849 1699 2902 “bys-
