1962 3328
558 255 665 287 CAP.
688 255 804 295 xvl„
825 254 964 287 VERs.
991 254 1134 286 1.—N.
1155 243 1324 300 960[a].
1508 272 1511 273 γ
1564 256 1675 300 2523

281 402 340 429 m:
364 401 563 429 SECUNDO
589 401 847 434 PRAECEPTO,
866 399 987 429 “NON
1013 401 1279 448 PnorANAms
1304 401 1456 428 NOMEN
1483 393 1593 428 nm?

263 477 371 524 Quid
396 489 466 523 per
483 483 510 502 ·“
520 489 665 513 nomen
694 477 768 513 Dei
779 477 800 489 ¹¹
818 477 1060 524 intelligitur,
1078 477 1143 512 hic
1169 477 1338 523 primum
1365 477 1528 517 dicetur,
1546 484 1587 512 et
1611 478 1679 512 de-

193 525 286 560 inde
313 525 410 570 quid
439 536 509 570 per
537 529 557 542 ‘¹
567 524 773 570 profanare
784 524 804 536 ”
834 524 941 559 illud.
993 524 1069 559 Per
1097 530 1271 559 “nomen
1307 524 1381 559 Dei
1394 524 1414 536 ’'
1445 524 1680 570 intelligitur

192 581 311 607 omne
327 572 443 617 quale
459 582 530 617 per
544 572 653 616 quod
680 571 788 606 Deus
812 571 974 611 colitur;
1002 582 1094 606 nam
1122 570 1230 605 Deus
1255 571 1294 605 in
1319 582 1392 606 suo
1417 571 1523 616 quali
1548 578 1619 611 est,
1637 578 1679 606 et

192 625 254 654 ωε
269 629 384 653 suum
402 618 537 663 quale:
561 618 732 652 essentia
755 617 883 663 Ipsius
907 625 968 652 est
995 617 1163 652 Divinus
1189 618 1325 657 Amor,
1343 625 1383 652 et
1407 618 1523 663 quale
1550 617 1679 663 Ipsius

192 671 255 700 ωε
270 665 364 699 inde
381 664 568 699 Divinum
586 664 734 699 Verum
751 665 907 698 unitum
927 664 1073 699 Divino
1096 664 1230 703 Bono:
1256 665 1311 699 ita
1328 665 1435 710 apud
1452 675 1525 699 nos
1543 664 1583 699 in
1600 671 1679 699 ter-

193 711 246 746 ris
261 717 324 746 oet
336 711 530 751 Verbum:
555 722 676 757 quare
692 711 812 746 etiam
830 711 976 746 dicitur
991 711 1096 756 apud
1122 711 1348 758 Johannem,

422 799 441 811 '¹
451 797 594 825 Verbum
609 802 676 825 erat
689 797 775 834 apud
791 797 907 831 Deum,
922 802 954 825 et
968 797 1058 826 Deus
1071 802 1138 826 erat
1152 797 1295 826 Verbum
1308 796 1325 806 ''
1342 797 1378 835 (i.
1395 796 1426 834 1)
1439 806 1447 832 ;

192 889 234 917 et
246 881 339 916 inde
351 882 471 917 etiam
489 889 549 917 est
566 881 746 917 doctrina
762 882 923 928 genuini
936 882 1019 917 veri
1037 888 1078 917 et
1095 882 1188 917 boni
1206 893 1255 917 ex
1272 882 1415 922 Verbo,
1429 893 1520 916 nam
1538 893 1679 917 secun-

193 928 288 963 dum
302 928 408 963 illam
422 935 483 964 est
495 929 635 964 cultus.
686 928 801 964 Nunc
818 929 911 974 quia
922 930 1038 974 quale
1053 928 1181 974 Ipsius
1194 936 1255 964 est
1269 929 1484 974 multiplex,
1498 929 1678 964 continet

192 975 298 1010 enim
322 975 458 1010 omnia
481 987 582 1020 quae
607 976 657 1010 ab
683 975 785 1020 Ipso,
805 975 895 1010 ideo
922 975 1000 1021 Ipsi
1027 976 1139 1021 plura
1163 975 1325 1010 nomina
1349 983 1452 1014 sunt,
1470 982 1511 1010 et
1535 987 1678 1010 unum-

192 1021 362 1068 quodvis
379 1033 524 1056 nomen
542 1023 657 1068 quale
676 1022 803 1068 Ipsius
830 1022 868 1056 in
886 1033 1029 1068 genere
1046 1029 1086 1057 et
1105 1022 1143 1056 in
1162 1022 1291 1067 specie
1310 1022 1475 1057 involvit
1493 1030 1533 1057 et
1550 1023 1678 1068 expri-

193 1067 278 1102 mit.
328 1068 566 1103 Nominatur
581 1069 686 1103 enim
706 1069 950 1114 “Jehovah,'’
964 1069 1173 1115 “Jehovah
1192 1069 1404 1109 Zebaoth,”
1415 1075 1435 1086 ‘¹
1448 1069 1678 1109 Dominus,”

194 1114 421 1150 “Dominus
452 1115 658 1161 jehovih‚''
684 1115 858 1154 “Deusx'
885 1121 905 1134 “
917 1115 1082 1150 Messias
1092 1116 1112 1127 ''
1136 1123 1205 1150 aut
1231 1115 1479 1155 “Christus‚'’
1506 1115 1678 1161 “Jesus,’'

194 1165 215 1179 ‘⁸
225 1160 440 1201 Salvator‚”
452 1167 472 1179 ¹·
485 1162 761 1207 Redemptor,”
777 1167 797 1180 '⁸
808 1161 1005 1202 Creator,”
1019 1168 1039 1180 ‘⁶
1052 1162 1293 1201 Formator,”
1308 1168 1328 1179 “
1341 1161 1517 1202 Faflor,”
1530 1168 1549 1180 “
1562 1163 1647 1198 Rex
1657 1162 1678 1174 ”

193 1214 234 1243 et
243 1212 264 1225 “
274 1206 442 1243 Sanctus
452 1207 641 1248 Israelis,”
652 1214 671 1226 ‘⁴
684 1209 801 1244 Petra
811 1209 830 1220 ’¹
842 1216 882 1243 et
894 1214 914 1226 “
927 1209 1041 1254 Lapis
1057 1209 1245 1248 Israelis,”
1257 1215 1276 1226 “
1287 1208 1486 1248 Schiloh,”
1497 1215 1517 1227 ‘⁸
1528 1209 1679 1244 Schad-

193 1253 293 1294 dai,''
311 1260 332 1272 ‘⁸
344 1253 508 1294 David,''
523 1260 542 1273 ‘⁶
554 1255 789 1300 Propheta,’'
808 1260 828 1273 “
841 1255 962 1290 Filius
981 1255 1054 1290 Dei
1067 1256 1086 1267 ”
1104 1263 1143 1290 et
1162 1261 1182 1273 ‘⁶
1197 1255 1318 1290 Filius
1341 1256 1549 1295 hominis‚''
1568 1267 1679 1301 prae-

192 1306 254 1336 ter
269 1300 356 1336 alia.
405 1300 551 1336 Omnia
567 1302 664 1336 haec
682 1302 843 1336 nomina
858 1309 951 1337 sunt
968 1302 1129 1337 nomina
1142 1303 1259 1337 unius
1278 1302 1362 1342 Dei,
1377 1303 1444 1348 qui
1462 1310 1522 1337 est
1541 1302 1678 1337 Domi-

192 1358 286 1388 nus:
310 1348 380 1383 sed
397 1359 522 1393 usque
539 1349 605 1383 ubi
624 1349 809 1383 dicuntur
826 1349 865 1383 in
884 1349 1026 1388 Verbo,
1038 1349 1262 1394 significant
1279 1349 1439 1394 aliquod
1458 1350 1678 1385 universale

192 1394 426 1429 attributum
442 1401 512 1429 aut
528 1396 643 1441 quale
659 1395 846 1430 Divinum
860 1394 1091 1431 distinctum
1109 1397 1159 1430 ab
1175 1396 1375 1430 attributis
1392 1407 1461 1431 seu
1479 1397 1679 1441 qualitati-

192 1441 267 1476 bus
293 1440 446 1476 Divinis
471 1442 568 1477 aliis.
617 1441 807 1477 Similiter
834 1443 900 1476 ubi
930 1443 1076 1477 dicitur
1101 1448 1121 1460 ‘⁸
1135 1442 1263 1482 Pater,
1291 1442 1414 1477 Filius
1438 1450 1478 1477 et
1509 1442 1678 1488 Spiritus

192 1486 483 1527 sanssusl'mon
508 1495 602 1523 sunt
625 1496 705 1524 tres
726 1489 794 1534 qui
821 1489 1104 1535 intelliguntur,
1122 1490 1192 1524 sed
1217 1501 1319 1524 unus
1346 1489 1474 1527 Deus:
1502 1501 1571 1524 seu
1597 1500 1677 1524 non

192 1541 286 1569 sunt
301 1534 377 1569 tria
391 1534 545 1574 Divina,
559 1536 628 1570 sed
642 1547 785 1575 unum:
810 1543 849 1570 et
867 1536 943 1570 hoc
956 1536 1115 1575 trinum,
1127 1537 1234 1581 quod
1249 1547 1383 1575 unum,
1395 1544 1455 1571 est
1471 1536 1677 1572 Dominus.

193 1578 391 1626 Quoniam
421 1582 715 1627 unumquodvis
744 1593 889 1617 nomen
922 1582 1119 1628 significat
1151 1583 1311 1628 aliquod
1344 1583 1578 1617 attributum
1608 1595 1677 1618 seu

192 1627 309 1672 quale
333 1627 574 1668 distinctum,
594 1629 683 1664 ideo
709 1640 778 1674 per
791 1629 1027 1674 “profanare
1045 1640 1189 1664 nomen
1214 1629 1322 1669 Dei,”
1340 1640 1419 1664 non
1448 1630 1681 1676 intelligitur

220 1673 399 1709 rofanare
413 1674 540 1720 ipsum
554 1686 709 1715 nomen,
723 1676 792 1710 sed
807 1676 922 1721 quale
939 1675 1076 1720 Ipsius.
1126 1675 1254 1711 Causa
1267 1677 1374 1721 quod
1390 1687 1458 1721 per
1471 1682 1491 1694 ⁴¹
1502 1688 1646 1711 nomen
1658 1677 1679 1688 '⁹

205 1719 473 1767 ¹1significetur
484 1722 609 1767 quale,
624 1729 684 1757 est
700 1723 819 1757 etiarn
834 1722 926 1768 quia
941 1722 979 1756 in
997 1723 1107 1757 caelo
1120 1723 1286 1768 quisque
1300 1723 1528 1758 nominatur
1540 1734 1679 1758 secun-

193 1767 288 1802 dum
305 1768 422 1813 quale
438 1779 573 1807 suum:
602 1776 642 1803 et
659 1769 774 1814 quale
794 1769 867 1804 Dei
892 1780 961 1804 seu
982 1769 1143 1804 Domini
1160 1777 1220 1804 est
1238 1781 1356 1804 omne
1373 1770 1480 1815 quod
1499 1781 1547 1805 ex
1574 1770 1677 1815 Ipso,

193 1824 263 1859 per
277 1814 385 1860 quod
402 1815 556 1850 colitur.
607 1815 703 1850 Inde
721 1823 780 1850 est
798 1816 904 1861 quod
931 1816 970 1850 in
989 1816 1153 1855 inferno,
1172 1817 1264 1862 quia
1281 1828 1361 1851 non
1381 1817 1433 1851 ibi
1451 1817 1680 1862 agnoscitur

192 1859 353 1906 aliquod
373 1860 560 1896 Divinum
586 1863 701 1908 quale
729 1862 900 1902 Domini,
919 1874 999 1897 non
1026 1863 1150 1908 possit
1176 1863 1370 1897 nominari
1398 1862 1612 1903 Dominus;
1638 1871 1679 1898 et

192 1908 300 1952 quod
317 1908 479 1943 nomina
493 1908 620 1953 Ipsius
638 1920 716 1944 non
732 1910 884 1954 possint
902 1910 941 1943 in
960 1910 1109 1944 mundo
1127 1910 1319 1955 spirituali
1337 1911 1386 1944 ab
1403 1911 1537 1955 aliquo
1555 1922 1679 1945 enun-

191 1953 282 1988 tiari
306 1954 421 1989 aliter
436 1966 555 2000 quam
580 1956 682 1990 sicut
708 1955 895 1990 Divinum
916 1956 1043 2001 Ipsius
1060 1957 1308 2002 agnoscitur:
1337 1968 1475 1992 omnes
1492 1958 1598 1992 enim
1625 1958 1678 1992 ibi

193 2010 242 2035 ex
257 2001 377 2036 corde
394 2001 619 2047 loquuntur,
634 2003 689 2037 ita
705 2013 754 2037 ex
770 2013 903 2037 amore
921 2010 961 2038 et
979 2003 1071 2038 inde
1088 2003 1302 2049 agnitione.

273 2123 398 2175 960
405 2122 499 2176 [aJ.
527 2123 628 2170 “lie,
644 2123 832 2163 effundite
846 2123 1008 2175 phialas
1026 2123 1117 2163 ime
1137 2123 1214 2164 oei
1226 2123 1267 2163 in
1286 2123 1677 2176 ier-ram.''——Qu0d

194 2186 415 2240 significet
441 2193 607 2227 statum
631 2187 829 2227 ecclesiae
847 2187 1118 2235 devastatae,
1143 2195 1326 2228 constat
1359 2203 1419 2228 ex
1451 2187 1676 2240 significa-

194 2250 319 2291 tione
345 2250 635 2304 “phialarum
660 2251 750 2290 irae
778 2250 902 2298 Dei,’‘
927 2251 1047 2303 quod
1078 2251 1168 2291 sint
1200 2251 1320 2291 mala
1352 2258 1398 2291 et
1425 2251 1536 2291 falsa
1563 2264 1676 2303 quae

194 2311 544 2353 devastaverunt
581 2312 846 2362 ecclesiam;
896 2312 1020 2365 (nam
1062 2327 1140 2366 per
1178 2313 1392 2366 “phialas
1428 2314 1518 2353 irae
1561 2313 1679 2352 Dei’'

194 2374 354 2415 similia
379 2374 686 2428 significantur
711 2389 824 2428 quae
855 2389 934 2428 per
962 2375 1198 2428 “plagas,”
1225 2389 1320 2428 cap.
1348 2376 1553 2428 praeced.
1580 2389 1674 2422 xv.,

194 2451 307 2478 vers.
338 2437 391 2487 6;
432 2450 536 2477 nam
571 2437 630 2477 ibi
666 2437 826 2478 dicitur
860 2438 980 2491 quod
1015 2441 1229 2490 “septem
1267 2437 1416 2490 angeli
1453 2437 1676 2494 exiverint

194 2514 220 2542 e
250 2499 424 2554 templo
454 2499 676 2540 habentes
712 2507 888 2553 septem
926 2499 1126 2552 plagas‚”
1158 2513 1208 2539 ac
1247 2514 1326 2552 per
1359 2499 1556 2552 “plagas
1569 2499 1588 2513 ”
1618 2500 1677 2540 ibi

158 2612 161 2613 ⁷
194 2561 502 2616 significantur
538 2562 656 2602 mala
692 2568 738 2602 et
774 2562 877 2602 inde
913 2562 1038 2609 falsa,
1077 2575 1127 2602 ac
1165 2561 1276 2602 falsa
1317 2568 1363 2602 et
1399 2562 1504 2602 inde
1541 2561 1674 2610 mala,

195 2636 309 2676 quae
330 2623 628 2664 devastarunt
650 2623 892 2663 ecclesiam
915 2634 1336 2673 <videatursupra,n.949)
1358 2636 1367 2671 ;
1398 2622 1562 2662 similia
1583 2624 1675 2674 sig·

195 2685 432 2727 nificantur
453 2700 531 2739 per
554 2687 701 2727 “iram
725 2686 809 2727 Dei
827 2686 860 2736 ;''
886 2700 990 2726 nam
1016 2687 1115 2726 “ira
1143 2686 1256 2726 Dei'’
1278 2687 1439 2726 dicitur
1460 2686 1517 2726 de
1543 2686 1672 2726 malis

195 2753 243 2788 et
273 2747 408 2796 salsis,
440 2761 553 2801 quae
582 2748 703 2788 bona
734 2755 779 2788 et
811 2762 917 2788 vera
948 2748 1167 2788 ecclesiae
1198 2747 1492 2801 devastant:)
1534 2755 1581 2788 et
1613 2762 1672 2788 ex

195 2807 526 2860 significatione
553 2809 780 2856 “terrae,”
805 2809 924 2862 quod
956 2810 1013 2848 sit
1044 2808 1235 2849 ecclesia
1262 2820 1315 2856 (de
1330 2828 1394 2856 qua
1410 2819 1543 2858 [supra]
1561 2829 1591 2849 n.
1608 2820 1675 2862 29.

197 2867 569 2920 304.417[a].697,
593 2878 785 2921 741[b-a],
810 2878 903 2920 752,
928 2867 1040 2920 876).
1112 2867 1246 2920 Quod
1286 2881 1365 2921 per
1406 2867 1675 2909 “effundere
