1962 3328
644 270 749 302 CAP.
769 268 867 309 XV„
890 250 1028 300 VERS.
1051 267 1181 299 2—N.
1207 269 1302 311 934.
1501 267 1506 270 ’
1607 256 1719 308 2489

235 369 345 424 fides
371 390 578 437 separata
603 398 628 424 a
654 383 892 430 charitate,
920 396 998 422 seu
1022 381 1134 422 fides
1159 380 1327 434 absque
1353 380 1482 420 bonis
1508 378 1717 432 operibus

238 451 294 488 (de
307 459 373 488 qua
390 459 494 488 supra,
509 459 540 479 n.
557 441 841 490 773‚815[a]):
874 451 933 477 ex
955 437 1288 488 significatione
1313 434 1589 485 “imaginis”
1606 434 1715 484 ejus,

135 490 140 495 ’
193 524 197 526 -
236 502 358 555 quod
382 502 442 542 sit
466 500 671 541 doctrina
697 500 814 540 illius
849 499 951 539 fidei
986 509 1162 546 (dequan.
1185 498 1363 549 827[a]);
1399 510 1459 535 ex
1489 495 1717 547 significa-

236 565 362 604 tione
381 568 407 584 “
420 562 732 610 chara&eris‚”
750 562 870 615 quod
892 562 951 601 sit
974 561 1150 613 agnitio
1166 565 1213 599 et
1231 558 1457 599 consessio
1474 557 1568 610 ejus
1586 568 1641 605 (de
1656 576 1720 604 qua

236 642 268 663 n.
292 623 416 674 838);
453 629 499 662 et
530 636 589 662 ex
619 621 948 674 significatione
977 620 1187 660 “numeri
1218 619 1413 658 nominis
1437 617 1571 670 ejus,”
1597 617 1718 670 quod

237 687 295 726 sit
320 686 461 726 simile
487 685 578 738 ejus
604 685 751 738 quoad
778 686 916 724 vitam
943 691 988 724 et
1015 683 1162 736 quoad
1188 682 1337 729 fidem,
1365 682 1429 722 ita
1454 681 1584 734 quale
1610 680 1717 732 ejus,

237 754 284 788 et
305 748 425 800 quod
446 748 538 786 sint
559 747 671 786 falsa
693 747 735 786 in
759 747 882 786 omni
904 745 1151 798 complexu
1177 755 1231 791 (de
1244 763 1307 791 qua
1322 763 1353 783 n.
1370 744 1464 793 841,
1481 744 1575 794 845.
1592 743 1717 793 847);

237 813 342 852 inde
377 825 455 864 per
493 812 788 863 “imaginem‚
827 809 1131 850 characterem
1168 816 1214 849 et
1255 821 1487 848 numerum
1528 807 1720 848 nominis

237 874 352 927 ejus''
368 874 498 914 simul
520 882 699 925 sumpta
716 872 991 925 significatur
1010 885 1097 912 non
1121 872 1294 924 agnitio
1311 878 1356 910 et
1379 870 1600 910 confessio
1617 869 1719 909 fidei

238 943 469 989 separatae
491 936 639 989 quoad
658 934 905 976 doftrinam
924 934 1029 987 ejus,
1049 941 1096 974 et
1118 934 1264 987 quoad
1288 933 1425 973 ullum
1448 932 1577 986 quale
1600 932 1716 984 ejus:

240 997 508 1040 “vffikoriam
539 998 735 1038 habere”
766 998 821 1037 de
853 997 952 1045 illis,
981 996 1202 1050 significat
1233 996 1309 1036 illa
1339 995 1517 1048 rejicere
1549 996 1642 1035 vita
1672 1001 1719 1035 et

238 1059 454 1108 doctrina,
487 1061 606 1113 quod
648 1061 783 1100 etiam
820 1060 869 1100 fit
913 1073 990 1112 per
1027 1072 1225 1112 pugnam
1261 1066 1421 1099 contra
1457 1058 1567 1098 salsa
1606 1071 1720 1111 quae

238 1121 486 1163 sestatores
510 1123 626 1163 illius
649 1122 749 1163 fidei
775 1123 1002 1175 objiciunt.

240 1210 436 1238 [continuatum]

313 1247 358 1282 In
383 1247 583 1293 superiore
611 1247 777 1283 articulo
806 1246 957 1282 dicium
986 1255 1046 1283 est
1075 1248 1182 1293 quod
1212 1248 1332 1283 hodie
1360 1248 1427 1282 vix
1455 1248 1603 1283 sciatur
1628 1249 1724 1294 quid

241 1294 421 1333 charitas,
452 1294 617 1339 proinde
649 1295 746 1340 quid
779 1295 883 1329 bona
915 1306 1045 1340 opera,
1080 1295 1154 1330 nisi
1187 1295 1316 1330 solum
1350 1295 1443 1329 dare
1477 1295 1724 1340 pauperibus,

241 1340 425 1386 opitulari
450 1341 594 1386 egenis,
621 1341 849 1376 benefacere
874 1342 1004 1377 viduis
1027 1348 1068 1376 et
1097 1342 1267 1386 pupillis,
1293 1348 1333 1376 et
1363 1341 1541 1376 conferre
1570 1350 1724 1388 sportas

239 1387 494 1422 aedificandis
507 1388 674 1433 templis,
690 1388 909 1433 hospitaliis
923 1395 963 1423 et
975 1389 1254 1427 xenodochiis:
1280 1389 1348 1423 sed
1368 1399 1492 1434 usque
1510 1400 1589 1423 non
1603 1389 1727 1423 scitur

242 1445 336 1468 num
354 1434 434 1468 sint
450 1435 500 1468 ab
518 1434 689 1474 homine,
723 1442 763 1469 et
780 1443 940 1480 propter
957 1435 1198 1475 mercedem;
1225 1446 1315 1469 nam
1334 1435 1365 1470 si
1384 1436 1433 1469 ab
1452 1435 1624 1474 homine,
1643 1446 1723 1470 non

241 1487 335 1515 sunt
350 1481 455 1515 bona
460 1492 474 1524 3
502 1488 542 1515 et
566 1478 599 1515 si
617 1488 778 1526 propter
795 1482 1026 1521 mercedem,
1044 1488 1137 1516 sunt
1155 1482 1374 1522 meritoria;
1403 1489 1443 1516 et
1461 1489 1627 1527 utraque
1644 1493 1724 1517 non

241 1527 422 1572 aperiunt
435 1528 598 1567 caelum,
613 1535 652 1562 et
666 1528 757 1563 inde
772 1539 844 1563 nec
858 1535 1127 1574 agnoscuntur
1137 1540 1208 1574 pro
1224 1529 1338 1563 bonis
1354 1529 1391 1563 in
1406 1529 1536 1564 caelo:
1562 1529 1600 1563 in
1615 1530 1725 1564 caelo

241 1584 322 1608 non
339 1573 415 1608 alia
431 1585 550 1619 opera
567 1573 794 1620 spectantur
810 1583 854 1610 ut
879 1577 983 1610 bona
1000 1586 1118 1621 quam
1137 1586 1237 1620 quae
1254 1582 1347 1610 sunt
1372 1586 1395 1610 a
1422 1575 1595 1610 Domino
1620 1577 1724 1621 apud

242 1620 463 1660 hominem;
488 1628 528 1655 et
553 1632 813 1666 usque-opera
837 1633 938 1667 quae
964 1622 1064 1656 fiunt
1088 1633 1111 1656 a
1138 1622 1311 1657 Domino
1328 1623 1433 1667 apud
1452 1623 1666 1662 hominem,
1685 1623 1725 1657 in

241 1673 404 1701 externa
420 1667 546 1702 forma
559 1675 748 1713 apparent
761 1669 904 1703 similia
918 1669 992 1704 illis
1006 1680 1107 1714 quae
1121 1669 1221 1704 fiunt
1238 1670 1287 1703 ab
1306 1669 1391 1714 ipso
1405 1669 1585 1710 homine:
1603 1669 1726 1704 immo

241 1713 360 1748 etiam
378 1713 427 1748 ab
445 1714 615 1754 homine,
629 1714 696 1760 qui
712 1714 806 1749 facit
824 1716 898 1755 illa,
914 1727 992 1750 non
1012 1717 1352 1756 internoscuntur;
1378 1727 1469 1750 nam
1488 1727 1607 1761 opera
1624 1727 1726 1761 quae

242 1760 343 1794 fiunt
359 1771 383 1794 a
403 1760 574 1795 Domino
587 1762 691 1806 apud
710 1762 923 1802 hominem,
939 1762 1039 1797 fiunt
1056 1763 1175 1797 etiam
1193 1763 1242 1797 ab
1260 1763 1420 1797 homine
1434 1763 1536 1798 sicut
1553 1764 1602 1797 ab
1621 1763 1726 1808 ipso:

242 1813 283 1841 et
307 1806 382 1841 nisi
407 1806 504 1842 fiant
527 1808 630 1842 sicut
654 1809 704 1842 ab
730 1809 825 1853 ipso,
844 1820 923 1843 non
950 1810 1198 1855 conjungunt
1224 1810 1333 1844 illum
1363 1809 1546 1849 Domino,
1564 1810 1619 1844 ita
1644 1821 1723 1844 non

242 1852 457 1888 reformant
474 1854 603 1894 illum;
628 1855 735 1900 quod
754 1855 875 1891 homo
892 1856 994 1891 sicut
1010 1867 1034 1891 a
1051 1867 1092 1891 se
1110 1858 1214 1891 bona
1231 1856 1358 1892 facere
1381 1857 1534 1896 debeat,
1545 1857 1728 1892 videatur

243 1912 361 1947 supra
379 1902 431 1946 (n·
449 1901 528 1940 6¹6»
547 1901 626 1943 864»
644 1902 793 1945 9¹1'f])·
843 1922 1019 1946 (continuatio
1030 1922 1058 1942 in
1068 1924 1187 1948 sequente
1196 1922 1328 1946 articulo.)

321 1990 456 2034 934·
489 1980 818 2033 “Stantesjuxta
830 1994 945 2021 mare
962 1980 1363 2033 vitreum.''—Qu0d
1378 1981 1604 2034 significet
1619 1982 1727 2034 quia

243 2041 289 2082 in
310 2042 427 2082 veris
448 2056 504 2081 ex
534 2041 882 2092 Verbofuernnt,
906 2050 1088 2083 constat
1116 2057 1175 2083 ex
1202 2042 1532 2094 significatione
1553 2047 1578 2063 “
1593 2044 1726 2083 maris

243 2104 412 2152 vitrei,‘’
438 2105 557 2158 quod
583 2105 672 2144 sint
698 2106 954 2144 communia
980 2105 1071 2145 veri
1098 2119 1157 2145 ex
1185 2105 1340 2145 Verbo
1366 2106 1640 2158 pellucentia
1667 2120 1725 2145 ex

243 2166 361 2205 veris
374 2165 680 2218 spiritualibus
696 2176 751 2206 (de
763 2185 827 2212 qua
838 2185 984 2213 supra,n.
997 2178 1116 2217 931);
1139 2167 1243 2206 inde
1261 2171 1286 2186 “
1300 2167 1567 2218 starejuxta
1583 2168 1694 2207 illud
1706 2168 1726 2181 ’⁷

243 2225 467 2278 significat
483 2240 581 2266 esse
596 2227 639 2266 in
657 2226 756 2266 illis.
806 2226 952 2267 Causa
970 2228 1090 2280 quod
1108 2229 1188 2267 visi
1208 2229 1297 2267 sint
1316 2235 1436 2267 stare
1455 2227 1588 2279 juxta
1604 2243 1726 2270 mare

243 2289 446 2336 vitreum,
461 2295 529 2328 est
542 2290 643 2341 quia
655 2289 716 2328 illi
729 2290 801 2342 qui
818 2290 1054 2330 charitatis
1066 2291 1206 2330 vitam
1222 2291 1392 2337 vivunt,
1407 2304 1457 2330 ac
1474 2289 1725 2332 doctrinam

244 2350 346 2391 fidei
371 2358 606 2404 separatae
628 2351 845 2403 rejiciunt,
873 2359 1139 2405 permanent
1166 2354 1208 2392 in
1227 2354 1342 2393 veris
1366 2366 1523 2392 sensus
1546 2353 1726 2395 litterae

244 2412 398 2460 Verbi,
416 2420 462 2453 et
479 2427 567 2453 non
590 2421 852 2466 pervertunt
871 2422 917 2454 et
940 2414 1177 2455 falsificant
1200 2415 1275 2454 illa
1294 2429 1301 2454 :
1332 2423 1378 2455 ut
1399 2429 1477 2467 pro
1495 2417 1723 2469 exemplo,

178 2505 181 2507 -
244 2475 317 2515 ubi
342 2477 386 2515 in
409 2475 562 2516 Verbo
585 2476 746 2516 dicitur
766 2477 979 2517 “facere''
1002 2484 1047 2517 et
1075 2482 1099 2497 “
1116 2475 1329 2530 operari,'’
1349 2485 1443 2517 tum
1470 2477 1655 2518 “facta”
1678 2486 1724 2519 et

247 2538 458 2590 “opera,''
477 2552 567 2578 non
589 2539 823 2580 involvunt
842 2540 918 2580 illa
940 2539 1041 2580 fidei
1060 2548 1274 2593 tanquam
1294 2542 1529 2581 recondita
1551 2542 1624 2589 ibi,
1645 2543 1724 2582 sed

243 2599 402 2640 volunt
429 2606 476 2640 ut
502 2599 738 2642 actualiter
763 2601 873 2642 fiant
895 2617 903 2651 ;
942 2603 1089 2642 sciunt
1123 2604 1239 2642 enim
1267 2603 1386 2655 quod
1418 2603 1527 2644 fides
1554 2605 1724 2658 absque

243 2661 330 2702 illis
348 2676 438 2703 non
456 2662 564 2703 fides
582 2664 654 2711 sit,
674 2671 719 2704 et
738 2665 857 2716 quod
882 2664 990 2704 fides
1013 2671 1192 2704 tantum
1215 2665 1324 2704 fides
1343 2666 1399 2705 sit
1418 2674 1635 2719 quantum
1659 2667 1722 2707 illi

245 2737 380 2777 opera
397 2724 515 2777 juste
537 2725 774 2778 conjunc‘ta
797 2733 900 2767 sunt
922 2741 930 2776 ;
963 2741 1098 2780 quare
1121 2727 1445 2767 involutionem
1473 2735 1518 2768 et
1541 2743 1722 2782 separa-

245 2788 414 2827 tionem
432 2794 480 2827 ut
498 2788 702 2828 haeresin
721 2789 939 2829 damnant
958 2803 966 2828 :
991 2789 1094 2828 inde
1113 2795 1320 2829 constare
1339 2796 1492 2842 potest
1515 2790 1633 2842 quod
1657 2791 1719 2831 illi

248 2851 412 2890 “stent
438 2850 494 2890 ad
520 2863 640 2891 mare
663 2851 893 2899 vitreum,''
917 2851 1001 2891 hoc
1030 2858 1114 2900 est,
1139 2852 1182 2890 in
1209 2853 1322 2891 veris
1348 2866 1406 2892 ex
1436 2851 1589 2893 Verbo
1615 2854 1719 2894 sint.
