1962 3328
640 273 747 306 CAP.
770 272 865 314 xv„
888 272 1027 305 VERs.
1052 263 1200 304 6.-Ν,
1225 272 1321 316 95¹-
1612 273 1719 318 2511

244 384 442 426 Domino
462 398 542 438 per
564 384 775 426 Divinum
796 385 967 426 Verum
985 399 995 435 ;
1025 384 1111 426 hoc
1138 384 1476 438 significabatur
1496 398 1575 438 per
1598 388 1623 405 “
1637 385 1722 425 lin-

242 446 407 495 teum,''
430 460 519 500 quo
543 447 764 487 Dominus
790 448 1015 488 succinxit
1047 446 1120 495 Se,
1147 454 1194 488 et
1224 461 1313 500 quo
1338 447 1551 487 abstersit
1584 448 1722 500 pedes

243 508 575 562 discipulorum.
638 509 822 550 Praeter
851 516 1028 562 septem
1059 509 1144 550 hos
1174 509 1377 562 angelos,
1406 509 1462 549 de
1488 510 1646 562 quibus
1677 510 1722 550 in

240 571 525 624 Apocalypsi,
543 572 683 612 etiam
703 572 778 612 alii
794 572 946 625 angeli
962 573 1045 612 visi
1062 578 1167 613 sunt
1184 573 1229 612 in
1246 572 1449 612 vestibus
1466 571 1618 612 linteis
1635 586 1646 623 3
1672 579 1721 613 ut

313 660 474 701 Angelus
497 661 557 702 qui
581 661 745 701 signabat
767 661 904 692 frontes
927 661 1084 692 virorum
1108 661 1338 701 gementium,
1358 667 1394 692 et
1416 661 1476 702 qui
1499 661 1655 692 intrabat
1677 662 1723 693 ad

414 705 506 735 inter
525 710 638 735 rotam
658 706 904 742 cheruborum,
923 712 959 736 et
982 705 1108 745 accipit
1126 715 1259 744 prunas
1279 705 1384 744 ignis,
1404 712 1440 736 et
1462 706 1594 745 sparsit
1616 714 1723 746 super

413 749 537 778 urbem
554 748 687 786 (Ezech.
702 749 747 779 ix.
761 756 791 787 3,
807 746 869 789 [4,]
887 756 925 778 11
939 757 947 785 ;
970 758 1045 788 cap.
1059 758 1091 779 x.
1106 756 1135 785 2,
1148 749 1179 786 6,
1195 751 1227 787 7)
1242 758 1250 784 ;

313 789 404 822 Tum
425 791 484 831 qui
503 792 601 822 visus
622 791 773 829 Danieli,
790 792 935 823 indutus
954 792 1084 830 linteis,
1100 791 1203 832 cujus
1222 792 1333 823 lumbi
1350 789 1457 824 cimsti
1476 801 1564 822 auro
1584 791 1723 832 Uphasi

415 833 522 874 (Dan.
536 844 569 866 x.
583 842 600 873 5
615 844 623 872 ;
647 845 722 875 cap.
736 835 795 866 xii.
812 835 842 872 6,
855 835 888 874 7)
902 844 910 873 ;

241 919 315 973 qui
339 919 484 960 induti
510 920 660 961 linteis
684 926 1000 974 apparuerunt,
1027 921 1130 974 quia
1154 919 1346 961 accincti
1371 921 1429 961 ad
1460 921 1720 961 ministeria.

241 980 450 1034 Angelus
481 983 555 1035 qui
590 983 882 1024 mensurabat
913 983 1094 1023 Novum
1124 983 1381 1037 Templum,
1414 984 1484 1024 cui
1513 982 1722 1037 aspectus

240 1040 370 1093 aeris,

312 1131 420 1164 Visus
433 1138 488 1164 est
503 1133 540 1164 in
558 1143 667 1164 manu
682 1133 812 1165 habere
826 1133 923 1165 filum
941 1134 1014 1172 lini,
1028 1140 1063 1165 et
1076 1134 1250 1165 mlamum
1267 1144 1455 1166 mensurae
1467 1134 1601 1175 (Ezeck.
1611 1135 1659 1167 xl.
1670 1134 1723 1176 3):

240 1233 320 1274 per
347 1222 768 1262 “mensurationem
796 1222 955 1275 templi
966 1221 986 1237 ”
1010 1222 1070 1262 ibi
1101 1222 1368 1262 describitur
1399 1222 1531 1262 Nova
1562 1222 1724 1264 Eccle-

241 1283 307 1323 sia
321 1284 469 1336 quoad
485 1283 578 1335 ejus
595 1284 727 1337 quale
743 1298 753 1334 ;
787 1285 958 1324 numeri
979 1297 1287 1325 mensurarum
1304 1284 1561 1337 significant
1583 1285 1693 1326 illud
1710 1299 1720 1326 :

240 1351 287 1386 et
313 1359 447 1386 omne
472 1346 602 1399 quale
628 1347 846 1387 ecclesiae
868 1349 1161 1400 cognoscitur
1186 1362 1265 1401 per
1287 1348 1498 1388 Divinum
1522 1348 1720 1399 Verum;

239 1408 344 1448 inde
363 1408 523 1449 “filum
545 1409 652 1449 lini’'
669 1416 766 1450 erat
788 1411 833 1450 in
856 1423 990 1450 manu
1012 1410 1117 1462 ejus.
1166 1409 1392 1462 Quoniam
1414 1425 1493 1463 per
1512 1411 1690 1452 “linum
1702 1411 1723 1426 ’'

240 1470 517 1523 significatur
537 1485 705 1521 verum,
724 1479 771 1513 et
793 1473 876 1525 per
899 1472 1162 1525 “singulum
1177 1473 1197 1488 ”
1219 1486 1353 1514 omne
1375 1473 1482 1525 ejus,
1506 1480 1577 1514 est
1603 1475 1722 1515 enim

239 1533 285 1573 id
316 1532 624 1586 complectens
654 1541 702 1575 et
738 1535 1014 1576 concludens
1046 1536 1211 1584 omnia,
1244 1542 1291 1576 et
1327 1537 1430 1590 quia
1459 1537 1578 1589 apud
1608 1536 1722 1578 filios

241 1594 420 1636 Israelis
445 1596 555 1636 nihil
581 1598 674 1637 veri
698 1598 890 1651 amplius
915 1598 1141 1638 residuum
1167 1604 1279 1647 erat,

306 1689 393 1722 Ideo
409 1691 615 1722 mandatum
633 1697 686 1722 est
702 1691 897 1731 prophetae
913 1691 1089 1732 Jeremiae
1106 1698 1143 1722 ut
1159 1698 1294 1723 emeret
1309 1691 1377 1723 sibi
1394 1692 1577 1732 cingulum
1594 1691 1668 1729 lini,
1686 1698 1723 1723 et

411 1735 647 1765 absconderet
663 1735 698 1765 in
716 1735 890 1766 foramine
904 1743 1024 1775 petrae
1040 1736 1085 1766 ad
1104 1735 1307 1775 Euphraten
1321 1745 1329 1772 ς
1353 1742 1390 1766 et
1409 1736 1444 1766 id
1460 1746 1482 1766 a
1499 1736 1567 1766 fine
1585 1736 1722 1767 dierum

413 1777 604 1808 multorum
619 1785 822 1818 corruptum
839 1778 915 1816 fuit,
933 1788 998 1809 nec
1014 1779 1181 1819 proderat
1197 1779 1242 1810 ad
1259 1779 1446 1820 quicquam
1460 1779 1547 1818 (xiii.
1567 1781 1660 1819 1—7):

240 1877 320 1917 per
346 1864 612 1918 “cingulum
639 1865 746 1905 lini’‘
768 1865 1048 1918 significatur
1069 1880 1202 1907 omne
1224 1880 1379 1907 verum
1402 1865 1633 1907 doetrinae
1659 1881 1719 1907 ex

240 1927 420 1978 Verbo;
457 1929 562 1980 quid
588 1928 812 1980 significat
838 1930 957 1982 quod
986 1931 1308 1970 “reconditum
1340 1930 1397 1970 sit
1429 1931 1473 1969 in
1505 1930 1721 1970 foramine

239 1996 395 2043 petrae
430 1990 488 2030 ad
529 1990 808 2043 Euphraten,
842 1998 888 2032 et
931 1993 990 2032 ibi
1021 1992 1321 2045 corruptum,’'
1352 1993 1558 2032 videatur
1588 2006 1722 2045 supra

240 2060 287 2099 (n.
308 2050 465 2102 569[c]).
521 2051 604 2091 Per
628 2056 653 2072 ‘⁴
669 2051 842 2092 linum“
859 2052 1144 2105 significatur
1161 2066 1318 2093 verum
1339 2053 1560 2093 ecclesiae
1581 2054 1721 2093 etiam

239 2114 358 2167 apud
381 2114 583 2163 Esaiam,

305 2201 519 2233 “Calamum
535 2209 723 2234 contusum
741 2214 814 2234 non
828 2204 1039 2244 confringet,
1053 2210 1088 2235 et
1105 2205 1214 2236 linum
1229 2204 1408 2245 fumigans
1422 2214 1494 2235 non
1508 2204 1722 2244 exstinguet,

411 2252 447 2276 et
463 2245 499 2276 in
519 2247 705 2278 veritatem
723 2247 880 2287 proferet
896 2248 1067 2287 judicium
1078 2248 1096 2259 ’'
1109 2249 1193 2286 (xlii.
1213 2250 1245 2288 3)
1260 2259 1266 2280 :

238 2331 351 2374 haec
374 2333 429 2374 de
452 2333 675 2384 Domino;
708 2348 787 2387 per
809 2334 987 2375 “linum
1010 2335 1264 2388 fumigans”
1286 2336 1407 2389 quod
1430 2348 1520 2376 non
1543 2335 1720 2376 exstin-

238 2399 364 2445 guet,
386 2393 667 2446 significatur
687 2408 845 2447 parum
867 2397 959 2436 veri
985 2401 1044 2436 e‘x
1070 2397 1192 2436 bono
1213 2397 1332 2449 apud
1354 2397 1564 2449 aliquem.
1622 2408 1723 2445 (Reli-

238 2463 480 2500 quavideantur
490 2473 596 2502 supra,
610 2473 640 2493 n.
653 2454 802 2506 627[a]‚
814 2466 994 2503 explicata.)
1042 2456 1135 2496 Per·
1152 2456 1330 2496 “linum
1344 2456 1363 2470 ”
1384 2457 1523 2496 etiam
1549 2456 1720 2509 Signifi-

239 2519 368 2554 catur
387 2527 542 2554 verum
567 2529 626 2555 ex
649 2514 818 2564 Verbo,
842 2517 1018 2569 proprie
1041 2530 1195 2557 verum
1219 2531 1376 2557 sensus
1402 2517 1584 2558 litterae
1610 2517 1717 2570 ejus,

237 2574 399 2616 Hosclc.
416 2577 457 2617 ii.
478 2586 514 2628 5,
531 2589 571 2629 9.
632 2577 758 2618 Inter
778 2585 953 2620 statuta
974 2580 1093 2632 apud
1119 2579 1232 2620 filios
1257 2580 1435 2620 Israelis
1457 2581 1595 2621 etiam
1621 2581 1717 2629 fuit,

305 2669 408 2711 Quod
419 2681 492 2702 non
503 2671 690 2704 induerent
699 2680 835 2705 vestem
845 2674 991 2706 mixtam
1003 2685 1047 2706 ex
1060 2675 1142 2706 lana
1154 2682 1188 2706 et
1202 2675 1275 2706 lino
1287 2675 1392 2706 simul
1405 2675 1541 2715 (Deutr.
1550 2677 1632 2708 xxii.
1646 2685 1660 2708 1
1669 2677 1698 2716 1)
1712 2687 1719 2714 ;

240 2769 376 2798 causa
390 2764 487 2799 erat
504 2760 606 2812 quia
626 2760 767 2801 “lana
781 2760 801 2776 ’²
818 2761 1040 2814 significat
1059 2763 1226 2803 bonum
1249 2769 1294 2803 et
1317 2767 1342 2783 “
1358 2763 1529 2804 linum-”
1546 2777 1714 2812 verum,

240 2825 287 2859 et
322 2820 426 2872 quia
465 2816 602 2863 homo
640 2837 718 2876 per
753 2831 904 2865 vestes
940 2839 1041 2865 suas
1082 2826 1220 2866 etiam
1256 2828 1713 2868 communicationem

241 2879 380 2922 habet
411 2895 511 2924 cum
537 2885 830 2927 societatibus
857 2887 995 2939 caeli;
1032 2901 1084 2929 ac
1116 2895 1220 2929 sunt
1252 2890 1496 2931 societates
1523 2903 1636 2944 quae
1669 2891 1713 2931 in
