1962 3328
236 240 344 292 2538
647 248 980 280 APOCALYPSIS
1012 248 1312 280 EXPLICATA.

232 360 411 384 (Continuatio
421 360 450 381 de
463 360 558 386 Quinta
570 361 725 386 Praecepto.)

306 393 440 428 Homo
458 394 513 428 ita
530 400 683 429 creatus
701 401 761 429 est
779 400 823 428 ut
841 394 892 429 sit
911 394 1041 440 imago
1055 395 1151 429 caeli
1170 401 1210 429 et
1229 395 1359 440 imago
1378 394 1526 435 mundi,
1541 400 1601 430 est
1618 394 1722 429 enim

233 440 536 480 microcosmus;
566 440 740 476 nascitur
757 441 878 475 homo
903 452 926 475 a
952 441 1178 486 parentibus
1205 442 1336 487 imago
1355 441 1502 481 mundi,
1521 452 1566 476 ac
1592 441 1724 476 denuo

233 487 408 522 nascitur
425 494 469 521 ut
486 487 538 522 sit
557 488 687 533 imago
706 488 802 522 caeli
818 498 825 522 :
851 488 983 522 denuo
998 488 1104 522 nasci
1123 495 1182 523 est
1200 488 1434 533 regenerari,
1453 499 1498 522 ac
1517 498 1723 533 regenera—

231 540 298 568 tur
311 545 334 568 a
352 534 526 569 Domino
541 545 609 580 per
622 545 715 569 vera
729 545 776 569 ex
791 534 922 569 Verbo
941 541 980 569 et
999 546 1067 579 per
1080 535 1202 569 vitam
1218 536 1435 570 secundum
1456 535 1533 570 illa.
1586 534 1722 569 Homo

234 581 365 626 imago
391 581 528 615 mundi
555 588 614 623 est
640 582 770 626 quoad
799 588 972 615 mentem
1000 593 1109 616 suam
1137 583 1368 622 naturalem,
1395 592 1441 616 ac
1468 583 1598 627 imago
1623 581 1722 616 caeli

233 634 293 662 est
319 629 450 673 quoad
478 635 651 663 mentem
679 628 944 673 spiritualem;
976 640 1087 663 mens
1106 630 1305 668 naturalis,
1325 640 1426 674 quae
1453 635 1513 663 est
1540 629 1722 668 mundus,

233 681 294 709 est
322 674 430 714 infra,
458 682 498 709 et
530 686 639 710 mens
665 675 890 719 spiritualis,
918 686 1019 720 quae
1050 682 1110 710 est
1135 676 1299 715 caelum,
1327 683 1386 710 est
1416 686 1545 720 supra.
1609 675 1722 710 Mens

233 722 422 756 naturalis
441 729 502 756 est
521 722 637 767 plena
650 722 780 756 omnis
794 721 949 767 generis
965 722 1087 761 malis,
1103 722 1205 757 sicut
1223 722 1349 762 furtis,
1364 722 1578 762 adulteriis,
1594 722 1722 756 homi-

233 768 356 807 cidiis,
377 768 484 803 falsis
502 769 753 808 testimoniis,
773 769 1116 813 concupiscentiis,
1137 769 1259 804 immo
1285 769 1540 814 blasphemiis
1567 776 1606 804 et
1634 779 1722 814 pro-

234 815 502 850 fanationibus
519 815 602 850 Dei.
648 815 758 850 Haec
773 815 876 850 mala
887 823 926 850 et
941 816 1053 860 plura
1066 815 1141 850 alia
1157 817 1193 850 in
1211 817 1275 851 illa
1287 823 1419 850 mente
1434 817 1618 857 resident,
1631 823 1724 851 sunt

233 862 338 896 enirn
357 873 511 897 amores
531 863 686 897 illorum
709 862 770 902 ibi,
790 869 830 896 et
857 862 948 896 inde
965 863 1139 907 jucunda
1157 863 1370 908 cogitandi,
1388 863 1549 898 volendi
1569 870 1608 897 et
1630 862 1722 897 faci-

233 909 325 943 endi
354 909 440 949 i11a;
472 910 569 944 haec
596 909 731 943 innata
749 916 841 944 sunt
868 909 923 943 illi
951 910 1074 943 menti
1100 921 1147 944 ex
1166 910 1404 955 parentibus,
1424 921 1513 944 narn
1541 910 1664 944 homo
1683 910 1722 944 in

234 967 281 990 ea
306 967 406 1001 quae
435 956 472 990 in
501 957 568 990 illa
594 963 727 991 mente
754 963 846 990 sunt
873 956 1046 991 nascitur
1071 963 1110 991 et
1136 957 1348 997 adolescit;
1376 963 1581 991 coercetur
1602 957 1723 991 modo

238 1014 308 1047 per
325 1003 483 1037 vincula
499 1003 597 1048 juris
615 1003 742 1037 civilis
760 1010 799 1038 et
826 1014 896 1048 per
912 1003 1069 1038 vincula
1085 1004 1190 1038 vitae
1210 1004 1379 1043 moralis,
1398 1015 1420 1038 a
1445 1004 1627 1038 faciendo
1646 1004 1722 1042 illa,

233 1057 273 1084 et
292 1050 347 1084 sic
365 1061 388 1084 a
406 1050 697 1085 manifestando
712 1051 820 1085 nisus
834 1061 976 1095 pravae
991 1051 1208 1085 voluntatis
1223 1062 1327 1086 suae.
1378 1050 1476 1097 Quis
1493 1062 1570 1085 non
1591 1057 1723 1095 potest

232 1097 366 1131 videre
385 1098 491 1142 quod
513 1097 709 1132 Dominus
728 1108 807 1132 non
828 1097 953 1142 possit
971 1108 992 1132 e
1011 1098 1121 1132 caelo
1140 1098 1302 1132 influere
1320 1099 1424 1142 apud
1444 1097 1658 1137 hominem,
1678 1108 1723 1131 ac

233 1144 376 1178 docere
408 1144 518 1178 illum
550 1151 590 1179 et
620 1145 762 1179 ducere
794 1144 916 1184 illum,
947 1151 1158 1190 antequam
1191 1145 1257 1179 illa
1291 1145 1394 1179 mala
1421 1151 1574 1179 remota
1604 1143 1722 1179 sunt?

234 1190 407 1226 Obstant
424 1191 541 1230 enim,
562 1192 768 1236 repellunt,
790 1198 1030 1236 pervertunt,
1049 1199 1089 1226 et
1107 1191 1303 1226 suffocant
1321 1203 1414 1227 vera
1431 1198 1471 1226 et
1491 1192 1596 1226 bona
1612 1191 1721 1230 caeli,

233 1248 334 1283 quae
365 1249 386 1272 e
417 1238 619 1283 superiore
651 1239 809 1278 instant,
838 1238 1082 1278 incumbunt,
1113 1249 1159 1273 ac
1189 1239 1352 1274 influere
1384 1239 1586 1278 nituntur;
1621 1239 1724 1272 mala

233 1285 337 1319 enim
355 1292 448 1320 sunt
468 1285 683 1325 infernalia,
698 1292 738 1320 et
752 1286 857 1320 bona
871 1292 963 1320 sunt
977 1285 1173 1325 caelestia,
1188 1297 1232 1320 ac
1247 1297 1365 1320 omne
1381 1285 1568 1320 infernale
1583 1286 1723 1330 flagrat

233 1332 327 1366 odio
339 1339 478 1367 contra
496 1343 613 1367 omne
631 1333 811 1367 caeleste.
864 1332 960 1367 Inde
983 1343 1087 1367 nunc
1103 1339 1212 1378 patet
1229 1333 1337 1378 quod
1354 1339 1566 1378 antequam
1584 1332 1722 1367 Domi-

234 1390 307 1414 nus
342 1390 363 1414 e
397 1380 507 1414 caelo
541 1390 630 1414 cum
665 1380 775 1414 caelo
814 1380 939 1424 possit
970 1379 1144 1418 influere,
1171 1387 1210 1414 et
1241 1380 1409 1414 formare
1440 1379 1641 1414 hominem
1672 1379 1721 1413 ad

234 1425 448 1471 imaginem
480 1427 588 1466 caeli,
617 1427 837 1461 necessario
868 1427 1109 1461 removenda
1138 1427 1218 1461 sint
1249 1428 1360 1466 mala,
1387 1438 1487 1472 quae
1518 1426 1557 1460 in
1589 1433 1722 1460 mente

233 1474 402 1507 naturali
429 1480 659 1508 coacervata
685 1474 870 1508 resident.
922 1473 1038 1508 Nunc
1063 1474 1156 1519 quia
1182 1474 1409 1519 primarium
1438 1480 1498 1508 est
1523 1480 1568 1507 ut
1594 1483 1722 1508 remo-

231 1528 399 1554 veantur
418 1521 530 1559 mala,
547 1527 756 1566 antequam
775 1520 896 1554 homo
911 1521 1043 1555 doceri
1063 1528 1102 1555 et
1117 1521 1206 1555 duci
1227 1521 1351 1566 possit
1369 1532 1392 1555 a
1412 1520 1596 1560 Domino,
1613 1526 1723 1565 patet

233 1577 350 1601 causa
368 1578 438 1601 cur
459 1567 498 1602 in
520 1566 612 1602 octo
631 1567 850 1613 praeceptis
868 1567 1045 1613 decalogi
1066 1575 1343 1602 recenseantur
1361 1568 1464 1602 mala
1481 1578 1602 1613 opera
1622 1577 1722 1611 quae

233 1625 311 1648 non
331 1614 510 1648 facienda
536 1622 638 1654 sunt,
659 1625 737 1648 non
766 1622 898 1648 autem
926 1615 1030 1648 bona
1055 1625 1176 1659 opera
1201 1626 1301 1660 quae
1323 1615 1513 1649 facienda.
1566 1614 1721 1648 Bonum

233 1671 312 1695 non
331 1660 465 1696 existit
484 1672 562 1695 una
587 1672 675 1696 cum
697 1661 811 1700 malo,
832 1672 904 1695 nec
922 1661 1055 1695 existit
1074 1662 1300 1715 priusquam
1321 1668 1473 1696 remota
1489 1668 1582 1696 sunt
1600 1661 1722 1700 mala:

233 1708 340 1752 prius
360 1719 438 1742 non
458 1708 574 1743 datur
592 1709 656 1743 via
673 1720 694 1743 e
712 1708 849 1742 caelo
842 1720 880 1742 1n
901 1709 1126 1743 hominem:
1152 1716 1211 1743 est
1229 1709 1333 1743 enim
1354 1709 1475 1743 homo
1494 1708 1596 1743 sicut
1615 1718 1722 1742 mare

235 1754 403 1800 nigrum,
418 1756 533 1800 cujus
551 1766 676 1809 aquae
695 1755 879 1808 utrinque
895 1756 1157 1790 removendae
1176 1763 1279 1795 sunt,
1294 1763 1505 1801 antequam
1526 1754 1722 1790 Dominus

233 1801 272 1835 in
305 1802 408 1837 nube
440 1809 479 1837 et
511 1802 549 1836 in
579 1803 670 1848 igne
700 1803 910 1836 transitum
942 1803 1010 1836 det
1041 1802 1130 1837 filiis
1159 1802 1333 1837 Israelis:
1381 1802 1539 1837 ‘''mare
1566 1802 1721 1847 nigrum

232 1848 351 1883 etiam
367 1849 562 1894 significat
577 1849 818 1888 infernum.“
834 1849 988 1884 Pharao
1002 1860 1091 1883 cum
1107 1849 1346 1895 Aegyptiis'’
1359 1849 1576 1884 naturalem
1593 1848 1723 1883 homi—

232 1906 334 1936 nem,
354 1907 399 1930 ac
419 1902 438 1913 ‘⁴
451 1896 520 1930 filii
541 1896 695 1931 Israelis
710 1896 728 1907 ”
747 1896 1002 1941 spiritualem.

310 2011 445 2055 970.
470 2003 548 2043 “Er
559 2002 696 2042 factus
707 2006 774 2042 est
784 2002 1092 2055 sanyutk.¹'—Q
1099 2003 1187 2042 uod
1204 2003 1428 2055 significet
1440 2003 1560 2056 quod
1567 2002 1722 2054 deper—

231 2063 326 2103 dita
343 2064 405 2104 sz't
418 2064 762 2118 eaesalsffimtis,
784 2071 966 2105 constat
985 2078 1042 2104 ex
1063 2064 1394 2117 significatione
1415 2069 1439 2085 “
1453 2063 1721 2117 sanguinis‚‘’

231 2125 351 2177 quod
378 2126 434 2165 sit
461 2139 615 2165 verum
640 2125 927 2165 falsificatum
947 2136 1115 2173 (utsupra,
1131 2145 1161 2165 n.
1178 2125 1304 2177 966);
1338 2139 1475 2178 quare
1498 2139 1578 2178 per
1599 2124 1720 2177 quod

234 2185 388 2226 “fluvii
407 2193 452 2226 et
470 2186 618 2226 fontes
634 2185 735 2226 facti
751 2187 839 2226 sint
859 2186 1080 2239 sanguis‚“
1096 2186 1374 2238 significatur
1392 2187 1510 2240 quod
1529 2185 1720 2226 facultas

233 2248 518 2301 intelligendi
551 2263 656 2289 vera
690 2249 828 2289 Verbi
861 2249 1096 2302 deperdita
1129 2250 1185 2289 sit
1223 2263 1281 2289 ex
1314 2249 1573 2289 falsificatis.
1636 2248 1721 2288 Est

233 2312 413 2364 quidem
451 2313 666 2352 unicuivis
703 2311 873 2351 homini
910 2311 1102 2352 facultas
1141 2312 1426 2364 intelligendi
1463 2325 1581 2359 vera,
1616 2323 1720 2350 nam

231 2375 343 2415 haec
376 2374 568 2415 facultas
607 2381 675 2414 est
711 2388 788 2427 per
820 2388 952 2427 quam
987 2374 1124 2414 homo
1159 2375 1449 2426 distinguitur
1480 2388 1505 2414 a
1537 2373 1718 2422 bestiis;

231 2437 343 2477 haec
381 2451 558 2490 quoque
596 2438 773 2476 residua
811 2444 879 2476 est
923 2438 1040 2489 apud
1079 2450 1260 2477 omnem
1298 2437 1544 2483 hominem,
1583 2436 1720 2476 etiam

232 2499 414 2547 malum,
458 2512 562 2539 nam
604 2499 679 2539 illa
726 2506 795 2539 est
839 2499 1069 2569 spirituale
1110 2500 1318 2548 hominis,
1361 2505 1406 2539 et
1451 2499 1720 2551 ipsissimum

233 2562 429 2602 medium
457 2563 815 2614 regenerationis
839 2562 956 2614 ejus:
991 2562 1129 2602 homo
1157 2563 1272 2602 enim
1302 2576 1379 2615 per
1404 2575 1508 2601 vera
1531 2574 1719 2613 regene-

231 2631 354 2665 ratur
385 2639 410 2664 a
443 2624 669 2674 Domino;
704 2639 817 2677 quae
850 2625 932 2664 nisi
965 2631 1119 2677 posset
1147 2624 1417 2676 intelligere,
1447 2637 1536 2663 non
1564 2629 1720 2676 posset

231 2688 443 2739 recipere,
473 2694 518 2727 et
551 2689 611 2727 sic
645 2687 899 2737 reformari;
937 2700 1038 2727 nam
1067 2688 1264 2740 recipere
1291 2687 1410 2739 quod
1443 2700 1532 2726 non
1566 2692 1720 2738 potest

232 2749 501 2801 intelligere,
523 2763 612 2790 non
631 2750 857 2790 conducit.
921 2749 1053 2802 Quod
1075 2751 1137 2789 ita
1157 2751 1227 2797 sit,
1249 2750 1384 2789 etiam
1405 2748 1719 2789 confirmatum

233 2819 302 2852 est
328 2826 405 2864 per
428 2813 757 2865 experientiam
786 2813 829 2852 in
857 2813 1025 2852 mundo
1048 2812 1278 2865 spirituali.
1340 2811 1626 2851 Ventilatum
1649 2817 1720 2850 est

230 2874 348 2915 inter
375 2875 555 2928 spiritus
583 2888 687 2915 num
717 2876 930 2916 unicuivis
964 2876 1020 2916 sit
1054 2875 1242 2915 facultas
1269 2874 1554 2926 intelligendi
1586 2887 1718 2924 vera;
