1962 3328
0 2586 22 2721 *w'ffss‘f'
0 2424 15 2570 *wyw›nv·-*=·
0 2384 16 2398 Α,-
0 2338 5 2350 “¹
0 2295 7 2324 nv„

640 249 745 282 CAP.
773 249 867 289 xv„
891 249 1028 281 VERs.
1053 240 1200 281 6.-Ν,
1226 250 1321 293 950.
1606 250 1715 293 2507

237 361 360 403 ficios
387 369 490 403 sunt
522 361 640 403 mala
666 377 724 403 ex
751 376 904 403 amore
929 363 1177 416 imperandi
1210 377 1287 416 per
1313 361 1468 403 sancta
1495 362 1715 403 ecclesiae

235 438 367 477 super
402 426 552 465 omnia
588 425 701 465 caeli
737 431 783 466 et
819 438 951 478 super
981 426 1132 465 omnia
1163 432 1336 476 terrae;
1378 425 1453 465 ille
1490 438 1615 465 amor
1645 431 1716 465 est

235 489 464 542 scaturigo
495 491 691 530 omnium
729 490 963 538 malorum,
997 496 1043 531 et
1079 505 1138 531 ex
1175 489 1304 530 malis
1341 490 1428 530 illis
1465 496 1569 530 sunt
1606 490 1717 530 falsa

236 551 382 590 omnis
403 553 592 604 generis.
642 551 779 605 Apud
803 551 1092 592 Reformatos
1115 559 1266 592 autem
1287 559 1390 592 sunt
1413 551 1523 592 falsa
1546 558 1590 592 et
1614 552 1716 592 inde

234 612 379 663 mala;
421 613 532 653 salsa
563 615 811 655 scaturiunt
845 629 903 654 ex
936 616 1154 667 principio
1180 614 1511 667 justificationis
1543 621 1589 654 et
1626 614 1738 658 sal-.

233 675 426 715 vationis
458 675 650 716 hominis
688 690 765 729 per
796 677 939 716 solam
971 676 1119 724 fidem,
1153 691 1230 717 seu
1267 690 1345 729 per
1375 676 1508 716 fidem
1548 677 1716 730 absque

233 736 362 777 bonis
384 739 616 790 operibus;
651 747 696 779 et
724 752 824 779 cum
846 739 966 779 bona
989 753 1124 792 opera
1150 753 1175 779 a
1201 739 1288 779 fide
1310 746 1588 792 separantur,
1614 739 1716 779 loco

231 799 410 840 illorum
442 807 544 841 sunt
577 801 695 841 mala
727 815 889 854 opera;
932 803 1034 842 inde
1071 809 1141 842 est
1178 802 1298 855 quod
1335 803 1452 855 apud
1490 802 1573 842 hos
1605 801 1717 842 falsa

231 868 278 902 et
310 863 413 904 inde
445 863 563 904 mala
588 865 925 904 devastaverint
953 864 1207 913 ecclesiam,
1235 866 1350 905 sicut
1377 865 1495 918 apud
1530 864 1714 906 Pontifi-

232 925 325 965 cios
352 925 471 966 mala
495 933 541 966 et
569 927 671 967 inde
697 926 823 967 falsa.

233 1011 432 1037 (continuatio.)

302 1044 503 1091 Quantum
523 1054 774 1082 removentur
792 1047 894 1082 mala
910 1054 955 1082 ut
980 1054 1151 1093 peccata,
1169 1053 1325 1082 tantum
1345 1047 1514 1082 influunt
1538 1048 1651 1087 bona.
1670 1058 1715 1083 ae

232 1091 353 1127 homo
370 1099 507 1137 postea
523 1100 677 1128 tantum
696 1095 800 1128 bona
817 1094 921 1134 facit,
940 1105 1019 1129 non
1037 1105 1061 1128 a
1082 1105 1124 1129 se
1141 1094 1209 1128 sed
1229 1105 1252 1128 a
1272 1094 1455 1129 Domino.
1507 1094 1562 1129 Ut
1572 1097 1714 1140 primo.

231 1137 433 1184 Quantum
451 1151 531 1175 non
549 1141 644 1174 colit
660 1141 757 1175 alios
775 1141 882 1180 deos,
897 1143 952 1175 ita
968 1152 1126 1186 quoque
1139 1147 1331 1186 quantum
1350 1151 1428 1175 non
1447 1152 1564 1186 super
1581 1142 1715 1176 omnia

230 1191 337 1219 amat
361 1196 403 1220 se
427 1193 467 1221 et
493 1187 695 1226 mundum,
713 1194 867 1221 tanturn
887 1187 1015 1222 influit
1040 1198 1064 1222 a
1090 1187 1264 1222 Domino
1282 1188 1432 1232 agnitio
1452 1187 1536 1227 Dei,
1555 1195 1595 1223 et
1619 1195 1715 1223 tunc

230 1231 326 1266 colit
344 1231 471 1267 Deum
490 1244 568 1268 non
587 1244 634 1268 ex
651 1244 693 1268 se
710 1234 778 1268 sed
797 1245 844 1268 ex
865 1234 1048 1269 Domino.
1099 1234 1274 1274 Secundo,
1305 1234 1507 1280 Quantum
1527 1246 1605 1269 non
1624 1246 1715 1280 pro-

230 1277 338 1312 fanat
355 1289 499 1314 nomen
520 1279 603 1319 Dei,
619 1280 673 1314 ita
686 1291 843 1326 quoque
857 1288 1049 1326 quantum
1063 1281 1300 1325 cupiditates
1318 1292 1366 1315 ex
1379 1281 1579 1316 amoribus
1597 1282 1656 1316 sui
1674 1289 1715 1316 et

230 1325 367 1359 mundi
393 1325 579 1361 oriundas
602 1326 712 1372 fugit.
730 1334 885 1361 tantum
911 1334 1018 1362 amat
1043 1326 1179 1362 sancta
1195 1327 1315 1362 Verbi
1341 1334 1380 1362 et
1406 1329 1603 1367 ecclesiae,
1623 1339 1712 1363 nam

230 1371 327 1406 haec
343 1379 436 1406 sunt
462 1383 604 1408 nornen
628 1373 710 1413 Dei,
730 1380 769 1408 et
794 1374 1031 1419 cupiditates
1048 1385 1096 1408 ex
1114 1374 1313 1408 amoribus
1330 1375 1390 1409 sui
1417 1382 1455 1409 et
1482 1376 1618 1409 mundi
1637 1376 1714 1410 ori-

229 1417 359 1452 undae
392 1419 600 1464 profanant
630 1420 705 1454 illa.
774 1421 911 1460 Tertio,
950 1420 1153 1466 Quantum
1189 1420 1290 1466 fugit
1323 1421 1437 1460 furta,
1469 1421 1522 1455 ita
1555 1433 1713 1467 quoque

229 1463 386 1500 fraudes
403 1472 443 1500 et
461 1466 615 1501 illicitas
629 1467 876 1507 memnones,
894 1474 1048 1502 tantum
1068 1467 1188 1501 intrat
1205 1467 1408 1502 sinceritas
1431 1474 1470 1502 et
1486 1469 1649 1513 justitia,
1668 1479 1714 1503 ac

229 1510 423 1546 sincerum
442 1519 482 1547 et
498 1513 646 1558 justum
661 1521 767 1548 amat
784 1525 832 1548 ex
846 1514 999 1548 sincero
1016 1521 1056 1548 et
1072 1515 1190 1559 justo,
1205 1521 1245 1548 et
1262 1514 1354 1549 inde
1368 1515 1562 1549 sincerum
1577 1522 1616 1550 et
1632 1517 1714 1561 jus-

229 1564 313 1592 tum
331 1558 414 1604 agit
431 1570 510 1594 non
529 1570 552 1594 a
568 1571 610 1594 se
627 1561 694 1595 sed
714 1571 737 1595 a
757 1560 940 1596 Domino.
992 1562 1149 1605 Quarto,
1176 1560 1379 1606 Quantum
1394 1561 1495 1607 fugit
1509 1562 1711 1602 adulteria,

230 1604 286 1639 ita
301 1615 459 1650 quoque
478 1606 645 1641 incastas
662 1613 702 1641 et
719 1618 879 1652 spurcas
896 1608 1168 1653 cogitationes,
1183 1614 1337 1641 tantum
1358 1608 1478 1642 intrat
1491 1619 1603 1643 amor
1619 1620 1712 1644 con-

228 1651 395 1697 jugialis,
414 1652 477 1697 qui
507 1660 567 1687 est
585 1653 747 1688 intimus
764 1664 876 1688 amor
892 1654 999 1694 caeli,
1020 1654 1058 1688 in
1084 1665 1163 1699 quo
1189 1665 1323 1689 amore
1342 1655 1424 1700 ipsa
1442 1656 1602 1690 castitas
1619 1656 1713 1691 resi-

229 1697 307 1732 det.
358 1699 509 1743 Quinlo,
537 1699 739 1745 Quantum
754 1700 855 1746 fugit
873 1700 1098 1741 homicidia,
1114 1701 1167 1735 ita
1185 1711 1342 1746 quoque
1360 1702 1452 1736 odia
1470 1702 1712 1737 internecina

228 1750 268 1778 et
284 1743 478 1780 vindictas
495 1757 596 1791 quae
613 1747 763 1792 spirant
780 1758 915 1782 necem
945 1754 1100 1782 tantum
1128 1747 1248 1782 intrat
1267 1747 1461 1783 Dominus
1479 1759 1568 1783 cum
1596 1749 1712 1784 mise-

228 1790 397 1837 ricordia
414 1799 453 1826 et
469 1803 613 1828 amore.
664 1794 787 1834 Sexto,
813 1793 1016 1839 Quantum
1042 1794 1143 1840 fugit
1168 1794 1264 1829 falsa
1281 1795 1519 1835 testimonia,
1539 1796 1594 1830 ita
1614 1807 1712 1841 quo-

228 1847 304 1882 que
322 1839 527 1873 mendacia
551 1846 590 1874 et
608 1839 975 1885 blasphemationes,
996 1847 1149 1875 tantum
1176 1852 1199 1875 a
1227 1840 1400 1876 Domino
1419 1842 1538 1876 intrat
1555 1843 1711 1878 veritas.

229 1884 404 1929 Septimo,
443 1884 644 1931 Quantum
675 1886 775 1932 fugit
804 1887 1163 1932 concupiscentiam
1194 1888 1243 1922 ad
1278 1888 1419 1923 domos
1448 1889 1625 1929 aliorum,
1657 1890 1712 1924 ita

227 1941 385 1976 quoque
397 1942 572 1967 amorem
585 1939 625 1967 et
643 1933 734 1968 inde
750 1934 986 1978 cupiditates
1001 1934 1228 1979 possidendi
1247 1935 1350 1969 bona
1363 1935 1541 1975 aliorum,
1554 1942 1710 1970 tantum

227 1988 252 2011 a
277 1976 451 2013 Domino
470 1979 589 2014 intrat
613 1980 783 2015 charitas
809 1991 901 2026 erga
926 1981 1161 2026 proximum.
1212 1981 1358 2021 chlazm,
1386 1981 1588 2028 Quantum
1610 1983 1711 2028 fugit

227 2025 585 2069 concupiscentiam
604 2027 653 2060 ad
671 2027 836 2061 aliorum
856 2038 1007 2067 uxores,
1021 2039 1165 2066 servos,
1184 2035 1268 2067 etc„
1288 2028 1342 2062 ita
1360 2039 1516 2074 quoque
1534 2040 1708 2064 amorem

227 2076 268 2105 et
293 2070 384 2106 inde
401 2072 637 2117 cupiditates
656 2073 872 2118 imperandi
891 2074 987 2113 aliis,
1008 2075 1114 2117 (nam
1142 2074 1207 2109 illa
1223 2086 1323 2120 quae
1342 2075 1380 2109 in
1407 2075 1482 2110 hoc
1502 2084 1710 2121 praecepto

228 2125 489 2158 recensentur,
503 2126 595 2153 sunt
609 2120 780 2154 hominis
793 2121 976 2165 propria)
991 2127 1145 2155 tantum
1162 2122 1281 2156 intrat
1295 2132 1406 2156 amor
1424 2122 1462 2155 in
1483 2121 1709 2157 Dominum.

229 2162 274 2197 In
293 2164 354 2199 his
370 2163 462 2200 οξὶο
481 2167 698 2211 praeceptis
711 2167 965 2202 continentur
982 2168 1084 2201 mala
1097 2179 1198 2213 quae
1211 2168 1398 2213 fugienda
1411 2176 1522 2208 sunt;
1550 2169 1587 2202 in
1607 2170 1710 2204 binis

226 2217 370 2251 autem,
389 2222 530 2257 nempe
549 2213 587 2246 in
612 2213 731 2247 tertio
748 2220 788 2248 et
805 2220 955 2258 quarto,
974 2214 1229 2249 continentur
1244 2215 1376 2260 aliqua
1394 2226 1494 2260 quae
1512 2215 1710 2255 facienda2

227 2267 378 2302 nempe,
396 2259 503 2303 quod
521 2258 845 2294 sanctificandum
863 2260 915 2295 sit
934 2260 1189 2300 Sabbathum,
1207 2268 1246 2295 et
1264 2262 1370 2306 quod
1393 2262 1612 2297 honorandi
1631 2263 1710 2297 sint

227 2310 426 2348 parentes;
455 2306 657 2350 quomodo
674 2312 806 2340 autem
825 2306 890 2341 illa
907 2308 987 2342 duo
1009 2315 1217 2353 praecepta
1236 2308 1490 2354 intelligenda
1507 2316 1609 2347 sunt,
1630 2321 1708 2344 non

226 2350 275 2384 ab
293 2350 519 2386 hominibus
539 2351 735 2388 Ecclesiae
751 2352 948 2399 Judaicae,
963 2355 1031 2389 sed
1049 2355 1098 2388 ab
1118 2354 1342 2389 hominibus
1363 2355 1558 2390 Ecclesiae
1577 2355 1710 2391 Chris-

225 2395 366 2437 tianae,
385 2398 476 2432 alibi
494 2398 656 2434 dicetur.

304 2504 444 2548 950.
483 2495 642 2535 “lnduti
663 2496 743 2536 lino
769 2497 913 2537 mundo
940 2501 985 2537 et
1009 2497 1446 2550 splendido.'’—Quod
1482 2499 1707 2551 significet

222 2560 309 2606 per
330 2555 541 2596 Divinum
578 2556 735 2597 Verum
766 2571 840 2598 seu
877 2557 1065 2598 Verbum
1092 2572 1147 2598 ex
1170 2572 1299 2598 sensu
1324 2559 1568 2610 spirituali,
1597 2574 1707 2601 con-

226 2623 320 2658 stat
355 2632 414 2659 cx
445 2619 772 2672 significatione
806 2621 959 2668 “lini,''
991 2621 1109 2674 quod
1147 2622 1204 2661 sit
1236 2635 1404 2668 verum,
1438 2629 1483 2662 et
1516 2636 1617 2662 cum
1649 2624 1706 2664 de

228 2679 424 2720 Domino
465 2687 542 2721 aut
584 2682 640 2722 de
682 2682 837 2723 Verbo
877 2683 996 2735 quod
1038 2684 1095 2723 sit
1138 2683 1348 2723 Divinum
1373 2682 1572 2735 Verum;
1619 2685 1704 2725 hoc

232 2743 483 2783 “mundum
497 2743 516 2757 ’¹
542 2743 704 2784 dicitur
735 2758 792 2784 ex
825 2758 879 2785 eo
910 2745 1028 2798 quod
1060 2746 1302 2797 genuinum
1335 2746 1407 2793 sit,
1435 2759 1485 2786 ac
1516 2747 1705 2800 “splen-

229 2804 414 2844 didum‘'
439 2819 497 2845 ex
530 2805 627 2846 luce
659 2807 702 2847 in
734 2807 875 2855 caelo,
903 2821 1017 2860 quae
1050 2807 1127 2847 lux
1161 2814 1230 2847 est
1261 2807 1487 2860 splendor,
1516 2823 1620 2849 narn
1647 2824 1705 2850 ex

227 2866 303 2906 illa
329 2866 569 2919 splendent
596 2870 744 2909 omnia
770 2883 883 2922 quae
909 2871 966 2910 ibi
997 2876 1128 2919 sunt;
1167 2870 1376 2910 Divinum
1404 2871 1572 2912 Verum
1599 2886 1702 2925 pro·
