1962 3328
264 263 375 306 2494
679 263 1010 298 APOCALYPSIS
1042 265 1340 299 EXPLICATA.

263 375 506 418 Dominum
533 392 665 432 super
687 379 848 420 Monte
876 379 1012 429 Sinai,
1037 387 1083 422 et
1110 395 1198 422 non
1226 381 1371 422 solum
1394 382 1592 435 recipere
1615 382 1746 422 tabu-

262 438 327 478 las
360 438 497 492 Legis
527 441 599 488 ibi,
634 443 712 482 sed
749 444 886 483 etiam
918 444 1069 484 audire
1102 445 1239 497 Legis
1276 450 1452 485 statuta
1483 451 1529 485 et
1566 445 1746 498 judicia,

261 508 306 542 et
338 501 415 542 illa
447 504 661 545 mandare
694 505 886 558 populo;
931 513 976 547 et
1009 520 1186 561 quoque
1218 507 1381 547 dicitur
1411 508 1531 561 quod
1562 509 1667 549 inde
1702 510 1747 549 in

262 563 423 605 Mosen
451 567 687 608 crederent
713 569 758 608 in
785 575 1045 609 aeternum:

329 653 458 685 “Dixit
476 654 637 695 Jehovah
658 656 702 686 ad
724 656 863 694 Mosen,
885 667 964 688 ecce
987 657 1062 697 Ego
1084 658 1225 689 veniam
1247 659 1290 690 ad
1311 664 1344 690 te
1370 659 1404 689 in
1427 659 1556 690 nebula
1574 659 1690 697 nubis,
1711 665 1762 690 ut·

434 699 553 729 audiat
570 700 722 738 populus
744 701 885 739 quando
905 701 1042 732 locutus
1062 701 1162 732 fuero
1182 703 1227 733 ad
1248 709 1290 740 te,
1309 709 1346 734 et
1366 703 1471 734 etiam
1493 703 1529 734 in
1550 709 1584 734 te
1604 703 1749 734 credant

434 741 470 772 in
489 747 673 773 aeternum
687 742 704 754 ''
722 743 844 783 (Exod.
862 745 932 775 xix.
949 744 1001 784 9):

265 835 346 875 “in
380 835 543 876 nebula
575 837 702 876 nubis
715 837 734 851 '’
761 838 935 886 dicitur,
970 838 1071 891 quia
1102 852 1181 892 per
1209 839 1445 880 “nubem”
1472 839 1749 894 significatur

261 897 462 938 Verbum
495 899 539 938 in
577 898 755 939 littera:
799 900 903 940 inde
935 914 1112 954 quoque
1144 914 1245 942 cum
1283 902 1436 943 Moses
1473 903 1658 944 intravit
1690 904 1747 944 ad

261 960 506 1001 Dominum
533 975 664 1015 super
691 962 850 1003 Monte
878 962 1015 1012 Sinai,

333 1049 705 1133 Intraffiijtfflixnivnizss-Jgff
734 1051 856 1091 (Exod.
882 1062 939 1084 xx.
970 1053 1008 1083 18
1039 1050 1098 1094 [B.
1121 1053 1167 1084 Α.
1193 1050 1274 1094 21];
1305 1063 1381 1094 cap.
1406 1054 1499 1086 xxiv.
1525 1062 1554 1092 2,
1582 1054 1641 1093 18;
1673 1064 1747 1095 cap.

258 1190 369 1228 (Quod
381 1188 503 1220 “nubes
515 1191 530 1200 ''
542 1192 696 1228 significet
709 1201 836 1221 sensum
849 1193 970 1221 litterae
980 1193 1087 1227 Verbi,
1098 1194 1243 1222 videatur
1254 1193 1388 1232 [supra]
1401 1203 1431 1223 n.
1445 1183 1507 1235 36,
1522 1184 1732 1237 594,[²]905
1741 1219 1747 1229 ,

256 1240 365 1292 906.)
442 1239 669 1293 Quoniam
706 1241 861 1281 Moses
897 1243 1275 1295 repraesentabat
1312 1243 1559 1284 Dominum
1595 1245 1745 1297 quoad

258 1301 431 1354 Legem
459 1316 536 1342 seu
564 1302 780 1351 Verbum,
809 1303 911 1344 ideo

322 1391 412 1423 Cum
430 1392 613 1423 descendit
630 1392 674 1423 de
689 1391 813 1422 Monte
831 1392 938 1430 Sinai,
954 1393 1111 1424 radiabat
1124 1393 1213 1424 cutis
1230 1393 1400 1424 facierum
1418 1393 1516 1433 ejus;
1541 1403 1650 1434 quare
1666 1404 1745 1425 cum

430 1435 632 1475 loqueretur
656 1445 735 1466 curn
761 1436 903 1476 populo,
928 1436 1035 1467 dabat
1060 1437 1223 1468 velamen
1252 1447 1358 1477 super
1381 1437 1489 1468 facies
1514 1447 1596 1469 suas
1621 1438 1746 1478 (Exod.

428 1479 546 1510 xxxiv.
566 1479 605 1509 28
623 1479 667 1510 ad
686 1479 776 1518 fin.):

258 1574 487 1615 “radiatio
513 1573 756 1615 facierum”
783 1574 1066 1627 significabat
1093 1576 1318 1616 internum
1346 1575 1497 1629 Legis,
1526 1589 1631 1617 nam
1657 1576 1743 1618 hoc

259 1645 327 1679 est
370 1639 413 1678 in
456 1637 554 1678 luce
595 1637 731 1677 caeli:
780 1638 900 1691 quod
939 1638 1112 1679 velaret
1150 1639 1309 1679 faciem
1347 1652 1447 1679 cum
1486 1639 1745 1693 loqueretur

256 1714 357 1742 cum
390 1700 570 1754 populo,
605 1707 701 1741 erat
733 1702 835 1753 quia
866 1701 1092 1741 internum
1126 1701 1265 1742 Verbi
1296 1702 1376 1742 fuit
1409 1701 1656 1752 obte6tum,
1690 1717 1742 1744 ac

255 1764 318 1804 ita
359 1764 646 1804 obscuratum
687 1763 759 1803 isti
801 1763 978 1816 populo,
1023 1771 1071 1805 ut
1108 1778 1198 1805 non
1244 1766 1534 1806 sustinuerint
1575 1766 1743 1819 aliquid

255 1826 363 1866 lucis
405 1826 520 1866 inde.
582 1825 697 1878 Quia
738 1839 815 1878 per
856 1826 1014 1867 Mosen
1057 1828 1481 1879 repraesentabatur
1521 1828 1742 1870 Dominus

254 1889 401 1942 quoad
429 1888 630 1928 Verbum
660 1888 952 1938 Historicum,
981 1897 1026 1931 et
1059 1904 1137 1943 per
1163 1890 1311 1930 Eliam
1344 1891 1564 1931 Dominus
1595 1892 1742 1945 quoad

255 1952 456 1992 Verbum
484 1952 814 2004 Propheticum,
838 1953 1003 1993 idcirco
1029 1966 1129 1993 cum
1156 1953 1376 1994 Dominus
1399 1954 1742 1995 transformatus

254 2022 337 2063 est,
358 2016 438 2055 visi
461 2021 565 2055 sunt
585 2015 735 2054 Moses
755 2021 800 2055 et
825 2014 947 2055 Elias
970 2029 1070 2056 cum
1095 2016 1198 2069 Ipso
1222 2016 1533 2070 colloquentes
1558 2015 1741 2070 (Matth.

253 2079 357 2118 xvii.
387 2077 451 2131 3);
485 2091 565 2118 nec
598 2077 670 2117 alii
703 2091 803 2118 cum
838 2078 1047 2127 Domino,
1077 2079 1257 2132 quando
1290 2079 1500 2120 Divinum
1527 2079 1670 2132 Ipsius
1696 2081 1739 2120 in

254 2141 421 2181 mundo
442 2141 659 2193 apparuit,
681 2140 874 2194 colloqui
897 2147 1152 2193 potuerunt,
1172 2155 1305 2195 quam
1328 2142 1401 2195 qui
1427 2142 1740 2195 significabant

254 2202 470 2251 Verbum,
505 2216 608 2243 nam
647 2203 889 2243 collocutio
921 2217 1022 2244 cum
1063 2204 1274 2253 Domino,
1309 2211 1378 2244 est
1415 2218 1493 2257 per
1524 2204 1740 2246 Verbum.

255 2267 366 2305 (Quod
380 2268 464 2296 Elias
477 2268 755 2305 repraesentaverit
766 2269 941 2297 Dominum
955 2270 1063 2306 quoad
1073 2270 1225 2303 Verbum,
1237 2270 1380 2298 videatur
1394 2269 1529 2308 [supra],
1540 2279 1571 2300 n.
1581 2259 1740 2310 624[e].)

254 2322 315 2362 Et
343 2323 443 2375 quia
470 2328 670 2375 uterque,
699 2329 792 2362 tam
820 2321 972 2362 Moses
999 2336 1131 2375 quam
1158 2322 1294 2371 Elias,
1323 2322 1453 2363 simul
1479 2337 1739 2375 repraesen-

253 2384 412 2434 tabant
439 2384 654 2434 Verbum,
682 2385 784 2425 ideo
820 2385 893 2424 ubi
928 2385 1074 2437 agitur
1100 2385 1155 2425 de
1192 2385 1306 2433 Elia,
1335 2386 1454 2438 quod
1486 2387 1741 2427 mitteretur

253 2453 357 2487 ante
385 2447 641 2496 Dominum,
662 2454 936 2487 memoratur
962 2454 1146 2501 uterque
1172 2448 1289 2500 apud
1314 2447 1601 2497 Malachiam,

323 2541 569 2573 “Mementote
588 2531 691 2582 Legis
714 2542 837 2580 Mosis,
855 2543 946 2573 servi
967 2543 1046 2580 mei,
1065 2553 1169 2583 quam
1188 2543 1350 2583 praecepi
1370 2543 1419 2574 illi
1439 2543 1475 2574 in
1494 2543 1658 2575 Chorebo
1675 2555 1739 2584 pro

426 2591 501 2616 toto
518 2586 657 2624 Israele,
668 2592 880 2617 statutorum
895 2592 928 2617 et
941 2586 1151 2625 judiciorum
1167 2598 1173 2617 :
1195 2597 1238 2617 en
1256 2586 1331 2626 Ego
1349 2587 1492 2618 mittens
1507 2588 1608 2618 vobis
1624 2588 1737 2619 Eliam

429 2628 653 2668 Prophetam,
679 2636 870 2670 antequam
895 2630 991 2661 venit
1015 2630 1090 2661 dies
1122 2629 1280 2671 Jehovae
1305 2640 1456 2670 magnus
1481 2636 1516 2662 et
1541 2631 1737 2663 terribilis”

425 2672 485 2712 (iii.
504 2680 611 2711 22—24
630 2671 688 2714 [B.
700 2674 744 2704 Α.
763 2673 807 2705 iv.
824 2671 935 2714 4-6]):

252 2781 330 2820 per
378 2767 566 2809 “Eliam
608 2768 905 2822 prophetam’'
941 2768 1207 2821 intelligitur
1241 2769 1468 2822 Johannes
1514 2769 1734 2823 Baptista,

252 2831 351 2882 quia
383 2843 459 2882 per
491 2844 591 2870 eum
624 2831 828 2872 similiter
860 2845 910 2871 ac
949 2845 1026 2884 per
1059 2831 1205 2872 Eliam
1242 2838 1629 2885 repraesentatum
1665 2840 1736 2875 est

257 2890 458 2931 Verbum
485 2902 642 2939 (videatur
659 2902 792 2941 [supra]
808 2912 838 2932 n.
851 2892 994 2943 624[e],
1011 2902 1172 2945 724[b]).
