1962 3328
243 283 354 337 2746
656 294 987 328 APOCALvPffls
1019 296 1318 329 EXPLICATA.

244 405 379 459 Quod
400 406 701 460 “longinqui''
724 407 979 461 significent
1002 408 1103 449 illos
1127 410 1198 463 qui
1222 410 1265 449 in
1289 411 1490 450 externis
1514 411 1731 453 ecclesiae

242 475 346 510 sunt
374 476 584 510 constare
611 471 749 510 etiam
777 478 930 523 potest
954 485 1014 511 ex
1040 471 1127 512 illis
1153 473 1225 525 qui
1252 473 1296 512 in
1323 473 1541 525 spirituali
1564 475 1732 514 mundo

243 538 346 572 sunt
371 532 412 571 in
439 532 656 580 externis,
686 539 731 572 et
756 533 828 586 qui
855 534 898 573 in
926 534 1140 584 internis;
1175 534 1219 574 hi
1246 542 1350 575 sunt
1374 536 1417 575 in
1445 535 1643 584 meridie,
1668 535 1733 576 illi

242 595 286 634 in
319 595 645 647 septentrione,
679 595 743 635 ita
775 595 948 636 distant
987 597 1233 636 secundum
1266 597 1431 649 gradus
1463 598 1747 650 receptionis⁴

242 658 334 697 veri
360 663 405 697 et
434 657 551 697 boni.
615 655 749 708 Quod
776 672 854 710 per
879 661 904 678 ‘⁴
922 659 1219 711 propinquum
1235 659 1253 673 ”
1280 659 1564 712 intelligatur
1589 661 1731 701 inter-

243 731 364 766 num,
388 719 598 758 videatur
621 731 755 770 supra
778 729 823 766 (n.
846 718 923 767 16).

243 816 421 839 (Conlinuatio
431 816 460 837 de
470 816 531 837 Fide
542 817 741 840 Alhauasiana.
753 818 776 836 et
787 816 816 836 de
826 816 956 840 Domino.)

313 852 511 899 Quoniam
533 853 639 888 Deus
658 860 718 887 est
737 853 923 891 infinitus,
943 859 1002 887 est
1023 853 1141 887 etiam
1164 853 1426 898 omnipotens,
1446 854 1736 899 omnipotentia

242 899 345 935 enirn
373 906 433 935 est
459 900 612 934 infinita
638 900 825 945 potentia.
877 899 1180 945 Omnipotentia
1207 899 1279 935 Dei
1306 901 1434 935 elucet
1463 912 1511 935 ex
1538 901 1733 942 universo,

241 947 348 992 quod
371 953 431 982 est
460 947 612 981 caelum
643 945 880 991 aspectabile
906 953 946 981 et
967 947 1072 981 orbis
1099 947 1333 986 habitabilis,
1354 958 1453 992 quae
1474 955 1566 983 sunt
1593 959 1735 994 magna

242 1005 362 1039 opera
395 993 593 1028 Creatoris
623 993 929 1038 omnipotentis;
961 994 1106 1038 pariter
1134 994 1267 1028 omnia
1300 1005 1400 1039 quae
1426 1001 1518 1029 sunt
1552 995 1591 1029 in
1625 996 1734 1030 caelo

241 1039 469 1086 aspeftabili
496 1047 535 1075 et
561 1052 678 1086 super
703 1041 797 1074 orbe
824 1040 1046 1074 habitabili:
1080 1041 1228 1075 creatio
1258 1052 1393 1075 eorum
1425 1052 1469 1076 ac
1497 1042 1734 1077 sustentatio

242 1099 378 1122 eorum
405 1094 601 1122 testantur
618 1088 725 1132 quod
752 1088 831 1122 sint
857 1098 904 1122 ex
933 1087 1076 1122 Divina
1097 1088 1395 1133 omnipotentia,
1415 1099 1460 1123 ac
1481 1089 1580 1124 ordo
1598 1100 1733 1124 eorum

243 1142 282 1169 et
301 1141 460 1169 mutuus
480 1134 616 1169 finium
636 1133 834 1179 respeetus
856 1145 879 1168 a
900 1134 1026 1179 primo
1045 1135 1094 1168 ad
1113 1134 1296 1168 ultimum
1318 1142 1514 1169 testantur
1531 1137 1637 1181 quod
1656 1136 1735 1171 sint

242 1193 288 1216 ex
310 1181 453 1216 Divina
471 1182 674 1226 sapientia.
726 1180 1028 1226 Omnipotentia
1049 1181 1119 1215 Dei
1139 1181 1267 1216 elucet
1288 1182 1407 1216 etiam
1429 1193 1475 1217 ex
1497 1183 1606 1222 caelo
1627 1183 1733 1228 quod

242 1240 360 1274 supra
385 1235 454 1263 aut
480 1229 582 1263 intra
607 1229 759 1263 caelum
786 1235 964 1263 nostrum
986 1227 1224 1272 aspectabile
1245 1235 1314 1268 est,
1337 1235 1376 1263 et
1398 1230 1446 1263 ab
1468 1230 1562 1264 orbe
1589 1230 1640 1264 ibi
1667 1230 1733 1275 qui

242 1276 443 1310 habitatur
463 1276 512 1310 ab
538 1275 687 1321 angelis
714 1275 815 1309 sicut
842 1282 976 1310 noster
996 1275 1045 1309 ab
1071 1275 1316 1315 hominibus:
1345 1275 1395 1310 ibi
1422 1282 1515 1310 sunt
1540 1277 1735 1322 stupenda

244 1322 411 1357 Divinae
437 1322 750 1367 omnipotentiae
775 1322 1014 1361 testimonia,
1036 1333 1136 1367 quae
1163 1322 1255 1367 quia
1281 1322 1375 1356 mihi
1397 1323 1482 1358 visa
1502 1330 1541 1357 et
1563 1324 1735 1358 revelata

242 1376 344 1409 sunt,
376 1369 442 1404 illa
472 1380 689 1404 memorare
719 1369 830 1403 licet:
867 1375 958 1403 sunt
990 1369 1041 1403 ibi
1072 1380 1210 1404 omnes
1245 1369 1426 1404 homines
1456 1370 1522 1415 qui
1557 1381 1580 1404 a
1610 1370 1735 1415 prima

243 1416 380 1451 mundi
395 1417 594 1451 creatione
608 1416 801 1455 obierunt,
815 1415 882 1460 qui
898 1423 987 1460 post
1001 1416 1153 1450 obitum
1169 1416 1287 1450 etiarn
1303 1423 1394 1451 sunt
1409 1417 1588 1452 homines
1603 1417 1733 1462 quoad

242 1463 420 1503 formam,
440 1470 480 1498 at
498 1470 590 1498 sunt
608 1463 768 1508 spiritus
786 1463 917 1508 quoad
936 1463 1159 1497 essentiam.
1210 1462 1378 1508 Spiritus
1397 1470 1488 1498 sunt
1503 1463 1734 1499 'affectiones

242 1521 342 1555 quae
360 1511 516 1550 amoris,
532 1517 571 1545 et
589 1510 644 1545 sic
662 1510 780 1544 etiam
797 1509 1077 1555 cogitationes;
1099 1509 1258 1555 spiritus
1271 1510 1367 1544 caeli
1379 1509 1608 1546 affeftiones
1626 1522 1735 1546 amo-

243 1557 294 1592 ris
328 1557 432 1597 boni,
460 1564 500 1592 et
533 1557 693 1602 spiritus
729 1556 868 1591 inferni
903 1555 1132 1591 affectiones
1162 1557 1306 1591 amoris
1338 1557 1439 1592 mali.
1490 1556 1734 1593 Affectiones

242 1605 378 1644 bonae,
391 1615 491 1650 quae
509 1611 602 1639 sunt
623 1603 763 1649 angeli,
783 1603 964 1638 habitant
984 1615 1101 1648 super
1118 1604 1212 1638 orbe
1230 1604 1296 1648 qui
1318 1610 1482 1638 vocatur
1499 1605 1670 1645 caelum;
1695 1611 1735 1639 et

241 1650 470 1686 affectiones
493 1651 627 1691 malae,
650 1661 750 1696 quae
771 1657 863 1686 sunt
884 1650 1044 1695 spiritus
1072 1650 1222 1690 inferni,
1247 1650 1426 1685 habitant
1447 1651 1641 1696 profunde
1662 1653 1734 1686 sub

243 1698 336 1739 illis;
362 1699 468 1733 orbis
481 1705 541 1733 est
559 1709 670 1737 unus,
684 1698 752 1732 sed
771 1696 900 1732 sectus
919 1697 1020 1732 sicut
1039 1697 1076 1731 in
1096 1708 1278 1742 expansa.
1298 1709 1418 1731 unum
1439 1698 1538 1733 infra
1556 1699 1733 1734 alterum.

244 1745 426 1790 Expansa
443 1752 534 1780 sunt
553 1756 639 1784 sex;
666 1745 704 1778 in
719 1755 904 1789 supremo
919 1744 1099 1778 habitant
1117 1744 1244 1790 angeli
1263 1745 1368 1779 tertii
1388 1745 1495 1784 caeli,
1511 1752 1550 1779 et
1568 1746 1640 1780 sub
1660 1745 1734 1780 illis

241 1792 369 1838 angeli
389 1792 551 1827 secundi
570 1792 678 1831 caeli,
698 1798 736 1826 et
755 1792 826 1826 sub
846 1791 906 1826 his
928 1791 1056 1837 angeli
1080 1791 1214 1836 primi:
1242 1791 1341 1825 infra
1363 1792 1435 1826 hos
1454 1792 1635 1826 habitant
1656 1792 1734 1837 spi—

241 1839 339 1874 ritus
361 1839 475 1884 primi
498 1837 648 1878 inferni,
668 1839 741 1873 sub
764 1838 838 1873 illis
859 1838 1018 1883 spiritus
1040 1837 1201 1873 secundi
1222 1837 1373 1878 inferni,
1393 1846 1432 1873 et
1450 1839 1522 1873 sub
1543 1839 1604 1873 his
1622 1839 1734 1884 spiri-

239 1893 304 1921 tus
325 1886 453 1921 tertii:
478 1885 612 1920 omnia
642 1885 697 1920 ita
721 1885 912 1930 disposite
938 1884 1129 1925 ordinata,
1151 1891 1194 1919 ut
1220 1884 1449 1920 affectiones
1475 1886 1611 1926 malae,
1633 1896 1734 1931 quae

240 1939 332 1968 sunt
362 1933 522 1978 spiritus
554 1932 704 1972 inferni,
725 1932 763 1966 in
781 1931 948 1966 vinculis
981 1938 1192 1966 teneantur
1217 1933 1265 1966 ab
1299 1931 1574 1967 affectionibus
1607 1933 1732 1972 bonis,

241 1991 341 2025 quae
369 1986 462 2015 sunt
491 1979 619 2025 angeli
648 1978 765 2018 caeli:
791 1978 951 2023 spiritus
982 1978 1105 2012 infimi
1137 1978 1276 2013 inferni
1307 1979 1356 2013 ab
1382 1979 1531 2025 angelis
1561 1979 1732 2025 supremi

241 2027 349 2066 caeli,
368 2027 528 2072 spiritus
547 2026 666 2061 medii
694 2026 834 2060 inferni
856 2026 905 2060 ab
931 2025 1080 2071 angelis
1107 2025 1226 2060 medii
1245 2026 1352 2065 caeli,
1371 2032 1410 2060 et
1436 2026 1596 2071 spiritus
1617 2026 1732 2071 primi

243 2073 383 2108 inferni
402 2075 451 2108 ab
469 2073 619 2119 angelis
638 2073 752 2118 primi
771 2072 888 2112 caeli;
915 2083 963 2106 ex
988 2072 1056 2106 tali
1083 2072 1334 2117 oppositione
1356 2079 1541 2107 tenentur
1558 2072 1733 2108 affectio-

241 2132 310 2155 nes
325 2121 362 2154 in
379 2120 610 2166 aequilibrio
624 2120 726 2155 sicut
741 2119 779 2153 in
794 2119 943 2153 trutina
957 2119 1131 2154 bilancis.
1178 2119 1293 2153 Tales
1312 2119 1407 2154 caeli
1428 2126 1466 2154 et
1479 2120 1578 2154 tales
1591 2119 1733 2155 inferni

241 2174 333 2202 sunt
360 2167 674 2206 innumerabiles,
698 2165 872 2201 distincti
901 2166 939 2200 in
966 2173 1103 2200 coetus
1129 2177 1173 2200 ac
1199 2166 1407 2201 societates
1429 2167 1645 2201 secundum
1666 2177 1733 2212 ge-

241 2225 334 2249 nera
352 2221 391 2249 et
409 2214 559 2259 species
573 2213 750 2248 omnium
766 2212 1031 2252 affectionum,
1047 2219 1086 2247 et
1105 2213 1178 2247 hae
1198 2213 1235 2246 in
1251 2213 1388 2247 ordine
1404 2220 1442 2247 et
1462 2213 1499 2247 in
1519 2223 1620 2248 nexu
1640 2220 1734 2248 sunt

240 2261 456 2296 secundum
479 2261 690 2295 affinitates
712 2260 1012 2305 propinquiores
1033 2266 1072 2294 et
1094 2260 1324 2294 remotiores
1347 2260 1518 2297 illarum:
1544 2261 1733 2305 quemad-

241 2309 403 2343 modum
420 2308 457 2342 in
477 2308 604 2347 caelis,
625 2307 679 2342 ita
697 2307 735 2341 in
756 2306 927 2341 infernis.
980 2306 1049 2341 Ille
1067 2306 1166 2340 ordo
1187 2314 1226 2341 et
1249 2306 1312 2340 ille
1335 2318 1456 2341 nexus
1477 2306 1731 2341 affectionum

239 2362 299 2390 est
321 2355 393 2390 soli
423 2355 596 2389 Domino
623 2361 750 2393 notus,
770 2365 814 2388 ac
841 2353 1039 2388 ordinatio
1059 2359 1121 2387 tot
1141 2353 1334 2387 variarum
1358 2352 1611 2388 affectionum
1634 2360 1732 2407 quot

240 2402 398 2437 fuerunt
425 2402 605 2436 homines
631 2412 654 2435 a
679 2401 805 2446 prima
822 2401 1031 2439 creatione,
1051 2406 1090 2434 et
1108 2407 1205 2445 quot
1227 2399 1346 2434 futuri
1370 2400 1545 2444 posthac,
1565 2407 1624 2435 est
1646 2400 1731 2435 1nfi-

240 2449 345 2483 nitae
364 2449 589 2493 sapientiae,
606 2455 644 2483 et
663 2448 778 2482 simul
798 2447 973 2482 infinitae
992 2447 1203 2492 potentiae.
1254 2446 1371 2491 Quod
1394 2446 1537 2481 Divina
1554 2447 1733 2492 potentia

239 2496 291 2531 sit
310 2495 472 2534 infinita,
492 2506 559 2530 seu
582 2495 689 2540 quod
716 2494 767 2528 sit
793 2493 1092 2539 omnipotentia,
1112 2505 1159 2528 ex
1185 2504 1232 2528 eo
1259 2493 1310 2527 ibi
1339 2493 1545 2528 manifeste
1563 2501 1730 2534 constat,

239 2543 345 2588 quod
362 2553 440 2577 non
460 2542 608 2588 angelis
627 2541 734 2580 caeli,
751 2552 823 2575 nec
841 2541 1008 2575 diabolis
1028 2540 1178 2579 inferni,
1198 2540 1248 2574 sit
1268 2540 1390 2573 hilum
1411 2540 1612 2585 potentiae
1630 2551 1653 2575 a
1670 2551 1731 2575 se:

239 2589 270 2624 si
290 2589 392 2624 foret
411 2589 544 2628 hilum,
564 2589 722 2623 caderet
741 2589 903 2627 caelum,
920 2587 1030 2622 fieret
1053 2587 1246 2622 infernum
1266 2587 1396 2626 chaos,
1416 2598 1461 2622 ac
1480 2587 1623 2632 periret
1641 2598 1729 2622 cum

240 2637 285 2671 iis
304 2636 433 2670 omnis
448 2636 580 2670 homo.

309 2748 470 2791 1134.
495 2737 727 2784 “Dt'oem‘es,
743 2737 834 2783 Vae,
851 2750 936 2783 vae,
954 2735 1050 2776 urbs
1062 2735 1132 2775 illa
1147 2748 1294 2788 mayna
1315 2735 1399 2774 Bab
1395 2734 1727 2788 ylon.''—Quod

238 2799 461 2852 significet
494 2798 845 2839 lamentationem
875 2804 1008 2850 super
1037 2797 1287 2837 doc‘lrz'nam
1317 2803 1360 2836 et
1388 2803 1521 2848 super
1551 2796 1727 2849 relzgio-

237 2875 349 2907 sum,
378 2867 560 2901 constat
587 2875 645 2901 ex
674 2859 1003 2912 significatione
1029 2858 1179 2906 “Vae‚
1205 2872 1302 2906 vae,
1327 2859 1445 2911 quod
1469 2859 1526 2898 sit
1554 2858 1726 2898 lamen-

238 2922 370 2972 tatio,
403 2922 621 2975 imprimis
657 2935 790 2974 super
824 2921 1058 2961 interitum
1098 2925 1144 2960 et
1184 2920 1553 2960 devastationem
1590 2931 1644 2968 (de
1664 2939 1727 2967 qua
