1962 3328
222 249 245 280 2
254 249 272 292 5
283 239 334 292 56
644 250 972 283 APOCALYPSIS
1005 252 1298 284 EXPLICATA.

220 367 356 395 sancta
374 371 474 406 quae
494 361 532 395 in
551 361 684 396 Verbo
698 369 800 402 sunt,
820 363 1157 408 blasphemarent:
1183 364 1259 399 hoc
1278 363 1321 399 fit
1339 365 1387 399 ab
1407 364 1480 400 illis
1502 365 1595 400 dum
1618 364 1711 401 facti

219 414 313 441 sunt
333 407 493 452 spiritus
515 415 605 453 post
631 416 819 450 mortem;
850 421 938 444 nam
970 411 1100 445 omnis
1130 411 1290 456 spiritus
1315 412 1488 457 adigitur
1516 423 1563 447 ex
1593 413 1712 448 corde
1762 431 1766 435 .

219 454 340 499 loqui,
359 461 403 488 ut
423 455 628 490 interiores
646 456 731 501 ejus
750 456 1012 502 cogitationes
1031 458 1263 492 revelentur.

300 584 439 636 986.
475 586 553 625 “Et
569 599 646 626 non
662 586 925 638 restpuerunt
938 588 1038 627 dane
1054 587 1552 641 Ipsiqloriam.''-Quod
1571 589 1710 642 signi·

220 647 323 689 ficet
365 650 484 701 quod
515 663 597 689 non
627 650 848 690 voluerint
882 665 929 690 se
962 658 1225 698 convertere,
1261 653 1445 692 vivendo
1481 653 1712 693 secundum

213 717 452 763 praecepta
482 712 674 760 Domini,
704 720 887 753 constat
920 727 977 753 ex
1011 713 1338 766 significatione
1368 715 1709 768 “resipiscere,''

220 775 340 827 quod
364 776 420 815 sit
445 789 491 816 se
519 790 543 816 a
571 776 700 815 malis
723 783 768 816 et
795 777 898 816 inde
922 776 1042 816 falsis
1066 785 1346 826 convertere,
1371 778 1441 818 hic
1466 785 1710 831 antequam

221 851 352 890 super
378 837 478 877 illos
506 839 630 878 venit
663 838 871 879 ultimum
895 839 1123 891 judicium,
1153 854 1202 880 ac
1237 841 1471 881 damnatio
1503 847 1548 881 et
1582 842 1709 894 puni-

219 900 311 947 tio;
345 907 390 940 et
417 915 475 941 ex
502 901 832 953 significatione
853 902 999 942 “dare
1028 902 1225 943 Domino
1252 903 1484 956 gloriam,”
1503 904 1623 956 quod
1651 905 1709 944 sit

221 962 370 1001 vivere
393 963 642 1001 secundum
667 968 915 1016 praecepta
937 963 1084 1016 Ipsius
1107 975 1162 1011 (de
1181 983 1246 1011 qua
1264 984 1369 1012 supra,
1387 984 1417 1004 n.
1440 965 1551 1016 874).

220 1062 397 1085 (Continuam
407 1062 438 1083 de
448 1063 524 1083 Sexto
535 1063 691 1088 Praecepto.)

291 1098 490 1144 Quoniam
521 1099 655 1133 omnia
674 1099 858 1145 jucunda,
881 1110 982 1144 quae
1008 1106 1100 1134 sunt
1121 1099 1273 1134 homini
1293 1100 1330 1134 in
1359 1100 1527 1135 naturali
1550 1101 1710 1140 mundo,

220 1152 427 1180 vertuntur
442 1146 479 1179 in
500 1146 850 1191 correspondentia
865 1146 902 1180 in
923 1146 1115 1191 spirituali
1136 1147 1296 1186 mundo,
1313 1147 1366 1180 ita
1378 1147 1554 1192 jucunda
1567 1147 1712 1182 amoris

220 1192 406 1238 conjugii,
422 1199 461 1227 et
474 1193 648 1238 jucunda
662 1193 806 1227 amoris
821 1193 1015 1228 adulterii.
1067 1193 1194 1228 Amor
1207 1194 1381 1239 conjugii
1398 1201 1713 1239 repraesentatur

221 1240 259 1273 in
282 1240 432 1274 mundo
450 1240 642 1284 spirituali
662 1240 763 1274 sicut
784 1240 906 1285 virgo,
929 1241 1041 1285 cujus
1068 1240 1292 1275 formositas
1310 1241 1399 1275 talis
1417 1248 1477 1275 est
1498 1247 1541 1275 ut
1561 1240 1712 1275 videnti

221 1286 384 1331 inspiret
402 1286 563 1321 delicias
581 1287 705 1327 vitae;
726 1298 838 1321 amor
854 1298 948 1321 vero
966 1287 1147 1321 adulterii
1168 1295 1485 1332 repraesentatur
1503 1287 1541 1321 in
1561 1288 1711 1322 mundo

220 1333 411 1378 spirituali
431 1344 500 1378 per
517 1345 647 1373 anum,
667 1335 779 1379 cujus
798 1333 1028 1369 deformitas
1046 1334 1135 1368 talis
1154 1341 1213 1368 est
1232 1341 1274 1368 ut
1292 1334 1442 1369 videnti
1463 1334 1626 1379 inspiret
1645 1334 1710 1368 fri-

219 1391 292 1426 gus
311 1387 350 1415 et
365 1380 487 1415 letum
507 1381 615 1415 omni
631 1380 773 1415 delicio
786 1381 911 1415 vitae:
938 1381 1028 1415 inde
1050 1388 1109 1415 est
1130 1381 1236 1426 quod
1260 1381 1297 1414 in
1320 1381 1437 1423 caelis
1459 1381 1712 1426 pulchritudo

220 1427 271 1461 sit
290 1427 440 1481 angelis
459 1428 674 1462 secundum
691 1428 806 1472 quale
824 1427 968 1463 amoris
986 1428 1220 1473 conjugialis
1241 1429 1344 1472 apud
1368 1428 1464 1468 illos,
1483 1435 1522 1463 et
1543 1429 1649 1474 quod
1672 1428 1710 1462 in

220 1474 382 1509 infernis
412 1473 642 1509 deformitas
668 1474 869 1519 spiritibus
895 1474 946 1509 sit
972 1475 1186 1509 secundum
1218 1475 1332 1520 quale
1359 1475 1503 1510 amoris
1529 1475 1710 1510 adulterii

219 1522 323 1566 apud
347 1521 444 1556 illos.
495 1520 638 1560 Verbo,
657 1522 761 1566 apud
781 1522 942 1567 angelos
960 1521 1057 1556 caeli
1075 1522 1291 1556 secundum
1313 1533 1486 1556 amorem
1509 1522 1712 1567 conjugia-

219 1569 295 1602 lem
317 1575 376 1602 est
396 1568 433 1602 in
453 1568 637 1608 faciebus,
657 1568 832 1613 gestibus
850 1568 1026 1613 corporis
1048 1575 1086 1603 et
1108 1568 1283 1613 loquelis,
1302 1569 1402 1608 vita:
1428 1569 1532 1614 apud
1551 1569 1711 1614 spiritus

220 1615 360 1649 inferni
379 1622 511 1650 autem
531 1615 746 1649 secundum
762 1626 935 1649 amorem
955 1615 1135 1649 adulterii
1155 1622 1214 1649 est
1234 1615 1271 1649 in
1292 1615 1464 1650 faciebus
1479 1626 1595 1650 mors.
1643 1615 1711 1661 Ju-

218 1662 349 1696 cunda
378 1662 523 1696 amoris
550 1662 783 1707 conjugialis
812 1661 849 1695 in
877 1662 1026 1696 mundo
1056 1662 1247 1707 spirituali
1279 1662 1464 1697 sensitive
1487 1673 1711 1707 repraesen-

218 1715 354 1743 tantur
374 1720 443 1754 per
464 1708 677 1754 fragrantia
698 1720 745 1743 ex
767 1708 958 1743 fructibus
979 1716 1018 1743 et
1039 1709 1201 1743 floribus
1218 1709 1314 1743 varii
1335 1709 1508 1754 generis;
1537 1710 1712 1754 jucunda

218 1763 351 1790 autem
371 1755 515 1790 amoris
534 1756 717 1790 adulterii
738 1755 788 1790 ibi
809 1755 995 1790 sensitive
1014 1763 1357 1800 repraesentantur
1375 1767 1443 1800 per
1461 1756 1712 1790 maleolentia

218 1814 266 1838 ex
288 1802 527 1837 stercoribus
546 1809 585 1837 et
606 1802 832 1847 putroribus
852 1803 949 1837 varii
971 1802 1145 1848 generis;
1169 1803 1344 1847 jucunda
1364 1802 1508 1837 amoris
1529 1803 1710 1837 adulterii

218 1850 338 1884 etiarn
360 1849 567 1884 actualiter
589 1849 626 1883 in
648 1849 743 1884 talia
762 1856 980 1889 vertuntur,
996 1849 1087 1894 quia
1108 1849 1241 1884 omnia
1261 1849 1443 1884 adulterii
1465 1855 1557 1884 sunt
1575 1849 1712 1884 sordes

218 1896 452 1942 spirituales.
506 1895 602 1930 Inde
624 1903 683 1931 est
702 1897 809 1942 quod
828 1907 876 1931 ex
894 1895 1136 1942 lupinaribus
1157 1896 1194 1930 in
1218 1896 1379 1931 infernis
1400 1896 1582 1931 efflentur
1596 1902 1711 1942 puto-

218 1955 289 1983 res,
303 1943 369 1990 qui
384 1943 493 1978 ciunt
511 1943 695 1978 vomitus.

822 2119 958 2143 VERSUS
985 2120 1034 2149 10,
1055 2120 1103 2143 11.

297 2179 428 2232 98⁷·
467 2194 527 2220 “ft
542 2194 660 2226 quintus
675 2194 795 2226 anyelus
810 2193 913 2225 effudit
932 2194 1036 2225 [suam]
1051 2194 1179 2225 phialam
1194 2201 1283 2225 super
1298 2195 1430 2220 thronum
1448 2193 1578 2224 bestiam·
1600 2195 1630 2219 et
1642 2192 1712 2225 fac-

217 2234 275 2258 tum
289 2235 336 2259 est
348 2240 466 2265 reanum
480 2234 543 2266 ejus
557 2234 750 2263 tenebrosum,
767 2235 797 2259 et
811 2234 986 2259 mandebant
999 2234 1113 2265 linquas
1128 2241 1199 2259 suas
1214 2240 1286 2264 prae
1299 2234 1441 2260 molestl'a.
1479 2233 1515 2259 ft
1528 2233 1712 2264 blasphema-

218 2274 286 2316 runt
298 2272 385 2321 Reum
401 2272 475 2298 caeli
489 2279 561 2304 prae
577 2272 719 2298 molestiis
736 2272 807 2302 suls,
826 2274 855 2297 et
873 2279 945 2303 prae
960 2272 1104 2298 ulceribus
1120 2273 1192 2302 suls.
1208 2273 1237 2298 et
1255 2279 1310 2298 non
1326 2271 1512 2303 resipuerunt
1526 2278 1561 2297 ex
1576 2271 1713 2302 operibus

219 2317 291 2336 suls.

242 2391 292 2415 10.
327 2382 389 2416 “ft
402 2382 540 2426 quintus
556 2384 700 2426 angelus
718 2382 843 2416 effudit
862 2381 1010 2425 phialam
1027 2392 1127 2416 suam
1143 2392 1250 2425 supet·
1266 2382 1422 2416 thronum
1439 2381 1598 2419 bestiae,''
1614 2381 1712 2423 signi-

393 2427 468 2459 ficat
479 2433 601 2459 statum
617 2428 763 2459 ecclesiae
775 2428 1026 2471 manfistatum
1043 2428 1154 2469 quoad
1164 2428 1354 2458 dac'lrinam
1356 2427 1447 2468 fidei
1463 2427 1514 2469 [n.
1528 2425 1611 2468 988]
1622 2437 1632 2464 ;
1659 2428 1715 2459 “ei

396 2473 524 2505 {actum
542 2475 598 2504 est
612 2481 753 2514 regnum
771 2472 847 2514 ejus
863 2471 1107 2508 tenebrosum?
1120 2470 1278 2512 significat
1291 2471 1453 2502 ecclesiam
1467 2471 1545 2503 inde
1560 2471 1598 2501 in
1615 2471 1715 2502 meris

393 2521 425 2547 et
439 2517 547 2547 densis
553 2516 657 2558 falsis
680 2516 730 2558 [n.
749 2515 854 2558 989];
881 2518 939 2548 “et
953 2515 1159 2548 mandebant
1173 2515 1307 2557 linquas
1323 2524 1409 2548 suas
1425 2524 1512 2557 prae
1528 2513 1713 2551 molestia?

398 2559 558 2601 significat
573 2561 663 2601 quod
667 2565 753 2601 prae
765 2560 910 2602 fastidio
933 2570 1001 2590 non
1018 2560 1126 2591 velint
1132 2560 1300 2601 percipere
1314 2564 1345 2590 et
1365 2559 1447 2590 scire
1456 2559 1610 2600 genuina
1629 2558 1713 2589 bona

393 2609 424 2635 et
438 2615 520 2635 vera
541 2604 591 2647 [n.
610 2603 708 2646 990].

242 2678 292 2703 1¹.
327 2670 388 2704 “Et
403 2670 686 2714 blasphemarunt
700 2670 805 2704 Deum
825 2670 939 2708 caeli,”
954 2669 1113 2711 significat
1124 2670 1398 2712 falsz'ficationem
1425 2670 1520 2700 Verbi
1537 2669 1587 2712 [n.
1605 2668 1709 2712 991];

397 2720 501 2758 “prae
525 2714 692 2748 molestiis
715 2715 791 2748 suis
808 2717 844 2748 et
862 2725 948 2757 prae
973 2714 1144 2748 ulceribus
1167 2714 1271 2752 suis,''
1287 2713 1447 2754 significat
1465 2725 1506 2744 ex
1511 2714 1668 2755 fastidiis
1682 2718 1714 2744 et

393 2760 527 2790 nauseis
541 2761 589 2790 ad
598 2760 752 2801 genuina
768 2770 850 2790 vera
869 2764 900 2790 et
917 2760 1011 2797 hona,
1031 2759 1185 2789 oriundis
1202 2769 1244 2789 ex
1256 2758 1361 2800 fitlsis
1375 2762 1406 2788 et
1423 2758 1521 2789 malis
1537 2758 1574 2789 z'n
1593 2758 1713 2799 quibus

391 2808 473 2835 sunt
486 2804 547 2844 qui
561 2804 598 2835 in
614 2803 763 2846 solafide
781 2803 832 2846 [n.
850 2802 954 2845 992];
982 2805 1038 2835 “et
1052 2812 1117 2835 non
1133 2802 1354 2844 resipuerunt
1369 2801 1412 2834 ab
1429 2800 1588 2843 operibus
1604 2801 1712 2839 sm'sst

391 2847 551 2888 significat
570 2848 660 2889 quod
679 2858 747 2879 non
770 2848 939 2879 voluerint
961 2848 1076 2878 vivere
1097 2847 1276 2878 secundum
1293 2851 1469 2888 praecepta
1489 2846 1636 2877 Domini
1654 2845 1704 2888 [n.

392 2891 491 2934 993]-
