1962 3328
239 274 289 317 25
298 275 348 317 32
652 274 984 307 APOCALYPSIS
1016 275 1314 308 EXPLICATA.

302 387 487 426 Tumores,
501 388 619 419 ulcera
630 394 818 426 tumorum,
830 387 1026 429 [¹1pustulae
1038 390 1148 427 albae,
1161 390 1399 426 rubescentes
1412 390 1727 427 abscessus,ustio-

411 442 484 468 nes,
503 432 704 472 vitiligines,
722 433 932 473 porrigines,
953 439 1015 464 etc.
1033 433 1153 473 (Levit.
1171 434 1242 464 xiii.
1261 442 1274 464 1
1291 434 1335 464 ad
1354 433 1436 472 fin.),

236 520 345 560 talia
384 519 558 561 fuerunt
592 521 723 573 genti
754 521 964 573 Judaicae
1006 535 1065 561 ex
1106 521 1506 574 correspondentia
1542 527 1728 574 propter

235 583 568 635 profanationes
595 583 748 631 Verbi,
777 597 867 624 non
895 584 1030 624 modo
1056 585 1099 624 in
1126 597 1279 625 eorum
1306 598 1452 634 carne,
1481 585 1560 625 sed
1586 585 1724 625 etiam

235 648 279 685 in
307 660 459 686 eorum
481 647 694 695 vestibus,
724 647 930 687 domibus
957 654 1003 687 et
1030 648 1160 687 vasis.

234 746 414 770 (Continuatio
425 746 454 767 de
464 747 578 768 Secundo
589 747 746 772 Praecepto.)

305 786 503 832 Quoniam
523 799 592 832 per
610 793 629 804 ‘⁴
641 798 785 822 nomen
806 786 878 821 Dei
891 786 910 798 ''
930 786 1162 832 intelligitur
1180 786 1367 822 Divinum
1382 787 1529 822 Verum
1548 798 1616 822 seu
1630 786 1727 822 Ver-

232 833 338 873 bum,
357 840 396 868 et
423 844 492 879 per
509 834 824 879 profanationem
843 834 928 879 ejus
956 833 1188 879 intelligitur
1206 835 1364 880 negatio
1390 833 1611 869 sanctitatis
1630 835 1726 879 ejus,

233 887 272 914 et
291 880 382 915 inde
401 887 664 926 contemptus,
684 880 845 926 rejectio
871 887 910 915 et
928 881 1227 925 blasphematio,
1245 881 1424 926 sequitur
1448 881 1555 926 quod
1582 892 1726 915 nomen

237 926 308 962 Dei
328 927 491 962 interius
510 927 739 972 profanetur
764 939 833 972 per
857 927 980 962 vitam
1007 935 1146 962 contra
1172 934 1382 973 praecepta
1407 927 1596 973 decalogi.
1649 927 1726 962 Da-

233 980 298 1008 tur
323 974 427 1008 enim
456 974 678 1019 profanatio
709 974 872 1009 interior
897 981 936 1009 et
966 985 1046 1009 non
1081 975 1261 1014 exterior,
1288 985 1334 1009 ac
1363 975 1480 1009 datur
1505 973 1727 1019 profanatio

234 1020 397 1055 interior
424 1028 463 1055 et
489 1021 605 1056 simul
632 1021 812 1061 exterior,
841 1028 881 1056 et
909 1028 1040 1075 potest
1070 1021 1189 1056 etiam
1221 1022 1305 1056 dari
1336 1021 1468 1067 aliqua
1492 1021 1663 1056 exterior
1687 1028 1728 1055 et

233 1079 313 1102 non
340 1068 456 1102 simul
485 1068 668 1103 interior:
697 1068 919 1113 profanatio
947 1068 1110 1103 interior
1135 1068 1179 1103 fit
1205 1079 1274 1122 per
1298 1069 1432 1107 vitam,
1460 1068 1631 1103 exterior
1659 1079 1728 1112 per

233 1115 451 1168 loquelam;
478 1115 701 1160 profanatio
729 1115 900 1154 interior,
920 1126 1021 1160 quae
1048 1115 1092 1150 fit
1118 1126 1187 1160 per
1211 1116 1345 1155 vitam,
1366 1115 1410 1149 fit
1435 1125 1594 1168 quoque
1620 1121 1727 1149 exte-

233 1162 313 1196 rior
329 1173 397 1196 seu
417 1173 486 1206 per
503 1162 700 1207 loquelam
728 1169 817 1207 post
844 1169 1033 1202 mortem;
1064 1173 1153 1196 nam
1175 1169 1271 1196 tunc
1290 1163 1560 1207 unusquisque
1577 1161 1728 1207 cogitat

232 1215 272 1243 et
291 1209 386 1248 vult,
406 1216 445 1243 et
464 1216 656 1263 quantum
676 1209 768 1243 licet
787 1209 963 1254 loquitur
981 1216 1019 1243 et
1042 1208 1135 1243 facit
1153 1209 1370 1244 secundum
1391 1209 1513 1243 vitam
1532 1219 1655 1247 suam,
1673 1208 1727 1242 ita

233 1267 313 1290 non
340 1255 442 1290 sicut
470 1257 507 1290 in
536 1257 706 1296 mundo;
738 1256 776 1290 in
804 1257 956 1290 mundo
982 1256 1089 1301 loqui
1117 1263 1157 1290 et
1183 1256 1311 1291 facere
1337 1257 1439 1290 solet
1466 1256 1588 1290 homo
1614 1255 1728 1290 aliter

233 1314 351 1348 quam
374 1314 421 1337 ex
439 1304 522 1338 vita
538 1315 608 1338 sua
626 1304 776 1349 cogitat
795 1310 834 1337 et
846 1303 942 1343 vult,
959 1310 1120 1348 propter
1139 1304 1343 1343 mundum,
1359 1310 1399 1337 et
1417 1304 1464 1337 ad
1486 1302 1725 1347 captandum

233 1350 397 1390 famam;
435 1351 526 1385 inde
557 1357 626 1390 est,
655 1351 762 1395 quod
790 1349 940 1384 dicium
967 1350 1018 1384 sit
1044 1350 1151 1395 quod
1179 1350 1295 1384 detur
1321 1349 1544 1395 profanatio
1565 1349 1728 1383 interior

233 1404 274 1431 et
301 1409 378 1432 non
407 1398 523 1432 simul
551 1398 734 1432 exterior.
786 1396 903 1443 Quod
932 1397 1052 1432 etiam
1080 1397 1163 1431 dari
1191 1404 1310 1442 queat
1335 1397 1468 1442 aliqua
1487 1396 1661 1431 exterior
1686 1403 1726 1430 et

233 1456 313 1478 non
333 1445 449 1479 simul
469 1445 643 1484 interior,
664 1451 796 1489 potest
814 1444 949 1478 venire
968 1455 1015 1479 ex
1034 1444 1137 1489 stylo
1157 1444 1288 1483 Verbi,
1306 1444 1372 1488 qui
1393 1454 1552 1488 prorsus
1571 1454 1651 1477 non
1666 1450 1727 1477 est

233 1492 358 1537 stylus
374 1492 524 1531 mundi,
537 1492 603 1537 qui
620 1492 710 1526 inde
728 1498 859 1536 potest
874 1502 921 1526 ex
937 1502 1015 1526 non
1034 1491 1195 1537 cognita
1212 1489 1422 1525 sanctitate
1435 1490 1521 1536 ejus
1540 1490 1727 1525 interiore

234 1539 483 1584 aliquatenus
501 1539 715 1574 contemni.

312 1654 450 1711 963.
498 1658 577 1698 “ln
614 1657 833 1698 hominibus
871 1657 1107 1698 habentibus
1149 1657 1437 1698 characterem
1475 1656 1646 1703 hestiae,
1685 1659 1730 1696 et

232 1721 446 1773 imayinem
475 1720 563 1773 ejus
593 1719 1091 1772 adorantibus.”—Quod
1123 1719 1350 1772 significet
1376 1719 1456 1772 qui
1483 1725 1727 1772 agnoscunt

232 1786 372 1826 solam
391 1785 530 1839 fidem
561 1799 611 1825 ac
641 1785 886 1825 dochz'nam
916 1785 1020 1838 ejus,
1054 1798 1104 1824 ac
1133 1784 1289 1824 vivunt
1323 1783 1554 1824 secundum
1584 1782 1722 1831 illam,

233 1855 414 1889 constat
447 1863 504 1888 ex
538 1847 864 1900 significatione
890 1847 1141 1895 “bestiae‚’'
1164 1847 1283 1900 quod
1315 1847 1405 1887 sint
1438 1847 1510 1899 qui
1541 1847 1585 1886 in
1628 1845 1723 1885 sola

232 1911 318 1952 fide
352 1925 428 1951 seu
460 1911 503 1951 in
537 1910 622 1951 fide
655 1917 863 1962 separata
894 1924 919 1950 a
950 1910 1078 1950 bonis
1110 1911 1229 1950 vitae
1267 1916 1384 1958 sunt,
1418 1916 1464 1949 et
1496 1909 1569 1962 qui
1600 1907 1723 1948 illam

233 1987 312 2026 per
334 1973 571 2013 ratiocinia
593 1986 652 2012 ex
676 1972 870 2012 naturali
893 1972 1075 2011 homine
1098 1970 1369 2011 confirmant
1393 1981 1447 2018 (de
1459 1990 1524 2018 qua
1536 1981 1567 2009 in
1580 1990 1649 2017 cap.
1663 1980 1725 2008 xiii.

230 2044 453 2080 praecedente,
474 2052 492 2071 a
510 2043 665 2080 principio
681 2043 721 2071 ad
741 2042 852 2080 finem)
871 2045 879 2081 ζ
921 2045 980 2071 eX
1012 2030 1345 2084 SignlfiCatione
1379 2034 1404 2051 ‘⁴
1418 2027 1726 2070 CharafflsserlSn

234 2093 342 2145 ejus,
363 2092 483 2145 quod
502 2092 559 2132 sit
575 2092 764 2144 agnitio,
784 2091 988 2143 receptio
1006 2096 1052 2130 et
1072 2090 1336 2130 testificatio
1359 2089 1453 2141 ejus
1472 2100 1526 2138 (de
1541 2109 1605 2137 qua
1620 2107 1725 2136 supra.

233 2176 264 2196 n.
289 2157 382 2206 838,
405 2155 529 2205 886„
573 2169 632 2194 ex
673 2153 1008 2206 significatione
1047 2152 1329 2205 “imaginis‘'
1364 2152 1472 2204 ejus,
1510 2152 1631 2206 quod
1666 2152 1725 2193 sit

233 2215 463 2267 d0&rina;
497 2222 542 2256 et
572 2216 796 2256 “adorare
809 2215 827 2229 ’'
850 2215 986 2263 illam,
1015 2214 1134 2268 quod
1162 2216 1218 2254 sit
1245 2214 1379 2254 corde
1402 2220 1448 2254 et
1466 2214 1559 2254 vita
1583 2227 1724 2266 agno-

233 2292 359 2319 scere
392 2278 518 2317 illam
546 2287 600 2326 (de
619 2297 733 2324 quan.
755 2278 850 2328 827,
871 2277 983 2327 833).
1043 2275 1178 2327 Quod
1218 2275 1305 2315 illis
1341 2274 1463 2314 mala
1493 2287 1645 2327 opera,
1677 2282 1723 2316 et

233 2339 566 2380 falsificationes
589 2339 728 2379 Verbi
751 2339 854 2386 sint,
882 2338 924 2377 in
952 2338 1099 2389 capite
1126 2337 1181 2377 de
1205 2337 1413 2384 dracone,
1438 2341 1484 2376 et
1510 2336 1554 2376 in
1577 2336 1724 2388 capite

234 2403 289 2442 de
317 2402 430 2443 binis
456 2403 662 2442 draconis
688 2401 857 2446 bestiis,
882 2406 1115 2440 ostensum
1142 2405 1237 2449 est;
1271 2405 1316 2439 et
1339 2404 1466 2451 patet
1490 2398 1725 2439 manifeste

235 2479 294 2505 ex
332 2479 400 2512 eo,
440 2465 558 2518 quod
591 2479 649 2505 ex
688 2463 774 2504 fide
811 2463 1015 2503 salvante
1053 2469 1129 2503 aut
1161 2461 1434 2514 justificante
1475 2460 1723 2502 excludant

235 2529 356 2569 bona
393 2542 542 2581 opera,
576 2527 784 2568 docendo
820 2525 939 2579 quod
977 2524 1086 2565 fides
1119 2525 1286 2577 absque
1322 2523 1408 2564 illis
1433 2522 1646 2575 justificet
1677 2530 1723 2564 et

236 2592 410 2641 salvet;
444 2597 489 2631 et
522 2591 623 2644 quia
655 2591 716 2630 sic
749 2602 839 2629 non
872 2588 1124 2628 necessaria
1155 2593 1273 2635 sunt,
1307 2587 1588 2627 omittuntur.
1649 2585 1723 2626 Ex

236 2661 412 2695 statuto
438 2660 629 2694 vaeterno
662 2667 740 2693 seu
776 2666 834 2692 ex
868 2651 1032 2691 Divino
1065 2650 1220 2690 ordine
1257 2655 1341 2697 est,
1374 2648 1492 2702 quod
1525 2648 1597 2688 ubi
1633 2661 1724 2689 non

237 2718 358 2758 bona
389 2730 525 2769 opera
556 2723 659 2757 sunt
691 2716 749 2755 ibi
786 2714 905 2755 mala
941 2727 1077 2766 opera
1114 2713 1215 2752 sint.
1278 2712 1404 2752 Haec
1439 2712 1588 2764 itaque
1620 2717 1724 2751 sunt

237 2795 350 2834 quae
374 2780 679 2833 significantur
702 2792 779 2831 per
796 2778 955 2818 “ulcus
981 2788 1195 2828 magnum
1219 2781 1264 2816 et
1288 2773 1506 2815 noxium’'
1521 2775 1565 2814 in
1588 2779 1722 2822 terra,

238 2858 316 2884 seu
343 2844 387 2883 in
419 2842 621 2892 ecclesia,
646 2841 762 2894 apud
789 2840 889 2881 illos
915 2840 988 2893 qui
1014 2840 1056 2880 in
1084 2837 1180 2880 sola
1207 2837 1292 2878 fide
1319 2843 1422 2878 sunt
1449 2842 1495 2878 et
1522 2834 1724 2877 doctrina

239 2914 286 2948 et
312 2907 418 2948 vita.
