1962 3328
226 232 240 260 1
250 231 272 261 2
634 228 966 262 APOCALYPSIS
997 229 1298 262 EXPLICATA.

224 343 370 384 nervis
403 342 751 397 sympatheticis
783 343 961 396 magnis
997 342 1279 384 intercostali
1316 349 1362 384 et
1398 357 1531 397 vag0,
1565 351 1611 387 et
1648 345 1709 388 sic

221 407 362 447 vitam
389 407 588 460 corporis
615 407 853 447 motricem
880 407 1142 447 instaurare.
1207 405 1285 461 (6.)
1311 407 1516 448 Partibus
1537 409 1708 458 vicinis,

221 475 268 510 et
294 483 372 523 per
397 469 479 510 has
506 470 723 523 supremis
750 475 796 510 et
823 470 936 519 imis,
965 470 1299 510 tremiscentias
1325 483 1511 511 sonoras
1538 484 1639 512 suas
1665 479 1711 513 et

222 532 421 586 laryngis
439 533 675 581 insinuare,
696 538 741 573 et
765 533 1029 586 sanguinem
1048 534 1313 573 arteriosum
1332 533 1387 574 ad
1411 539 1546 587 caput
1569 539 1615 575 et
1637 547 1711 575 ce-

221 597 396 637 rebrum
420 597 683 643 enitentem,
707 602 753 636 et
776 596 1039 648 sanguinem
1062 609 1277 636 venosum
1301 610 1326 636 a
1351 597 1498 650 capite
1520 602 1566 637 et
1589 610 1710 638 cere-

222 660 301 700 bro
322 659 599 706 refluentem,
623 659 839 707 excitare,
863 665 908 699 et
932 660 1157 699 communi
1180 659 1513 700 modificatione
1535 659 1710 701 exhila-

221 736 318 762 rare
335 728 380 762 et
403 722 612 770 animare,
633 727 678 761 et
701 722 761 761 sic
780 721 919 762 vitam
939 722 1135 775 corporis
1158 722 1408 763 sensualem
1431 721 1712 764 instaurarem

222 785 458 826 Praeterea
483 798 542 825 ex
569 784 768 825 trachiae
795 790 840 825 et
873 784 1002 825 simul
1029 799 1087 825 ex
1120 784 1318 838 laryngis
1350 791 1396 826 et
1428 785 1710 839 epiglottidis

222 848 408 895 ossibus,
428 861 541 901 quae
563 847 634 887 hic
656 860 746 888 non
770 853 1088 897 memorantur,
1109 861 1235 888 mens
1257 847 1489 889 intellectu
1508 849 1712 902 praedita

223 917 269 952 et
310 912 506 951 scientiis
544 910 742 959 exculta,
782 916 994 951 anatome
1031 911 1260 964 magistra,
1299 917 1344 951 et
1381 911 1511 952 oculo
1551 912 1710 962 indice,
1745 930 1756 941 ·

223 974 400 1015 edoceri
427 980 472 1014 et
505 987 638 1014 nosse
664 980 816 1027 potest
839 974 1065 1027 quomodo
1086 975 1258 1016 Natura
1278 973 1535 1015 modulatur
1561 989 1710 1025 sonoS,

223 1051 274 1078 ac
307 1037 481 1077 illorum
509 1050 718 1077 numeros
732 1036 1015 1077 articulatim
1042 1037 1311 1077 moderatur.
1373 1037 1494 1078 Nihil
1526 1037 1638 1079 latet
1670 1039 1714 1079 in

224 1100 449 1148 acusticis‚
483 1100 660 1140 musicis
693 1106 738 1140 et
770 1099 1041 1140 harmonicis
1073 1106 1165 1140 tam
1198 1100 1377 1140 insitum
1409 1107 1454 1141 et
1487 1114 1712 1150 arcanum,

226 1177 277 1204 ac
305 1162 413 1203 nihil
439 1164 483 1203 in
509 1163 832 1203 vibrationibus
858 1169 904 1203 et
936 1163 1251 1203 tremiscentiis
1277 1164 1474 1216 corporis
1500 1165 1713 1214 continui,

225 1227 357 1280 inque
371 1225 777 1266 modificationibus
791 1225 1029 1266 voluminis
1047 1226 1247 1279 contigui
1265 1239 1342 1266 seu
1356 1226 1713 1280 atmosphaerae,

226 1295 321 1329 tam
344 1289 498 1330 abdite
521 1295 566 1330 et
594 1289 786 1342 penitus,
811 1289 930 1343 quod
958 1303 1048 1330 non
1071 1289 1302 1343 spirituale
1329 1304 1388 1331 ex
1414 1288 1624 1331 Naturam
1646 1290 1717 1331 hic

226 1351 283 1391 ab
301 1352 469 1392 intimis
487 1353 674 1401 exemit,
695 1353 736 1392 in
761 1366 896 1393 unum
916 1352 1118 1406 collegit,
1138 1358 1184 1394 et
1207 1353 1250 1393 in
1273 1353 1385 1394 haec
1408 1351 1512 1394 bina
1530 1366 1716 1407 organa,

208 1421 272 1456 ‘et
299 1415 429 1455 simul
456 1417 499 1456 in
526 1429 694 1465 aurem,
723 1414 954 1457 contulitffl

311 1477 482 1519 Similia
504 1492 668 1519 arcana
691 1485 795 1520 sunt
818 1480 861 1519 in
885 1480 1007 1520 omni
1029 1479 1201 1533 reliquo
1226 1480 1412 1529 viscere,
1437 1485 1532 1521 tam
1556 1480 1718 1534 capitis

226 1555 360 1596 quam
388 1543 602 1596 corporis,
632 1548 678 1583 et
705 1542 851 1583 adhuc
884 1542 1012 1596 plura
1038 1543 1082 1583 in
1108 1542 1194 1583 illis
1221 1556 1334 1596 quae
1360 1543 1545 1583 interius
1571 1542 1719 1584 latent

227 1612 273 1646 et
300 1605 450 1658 aliquo
477 1604 609 1646 oculo
635 1618 727 1645 non
759 1604 937 1646 lustrari
969 1611 1173 1660 possunt,
1202 1619 1306 1646 narn
1333 1619 1421 1659 quo
1452 1606 1638 1646 interius
1665 1620 1719 1646 eo

227 1666 477 1721 perfectius.
538 1667 707 1718 Verbo,
729 1667 920 1721 cujusvis
940 1669 1142 1717 membri,
1163 1669 1320 1721 organi
1343 1674 1389 1709 et
1406 1669 1605 1717 visceris,
1625 1669 1720 1709 vita

228 1731 430 1772 eminens
461 1736 537 1771 aut
568 1731 688 1771 vitae
719 1730 993 1771 excellentia
1024 1732 1067 1771 in
1099 1745 1153 1771 eo
1185 1731 1406 1780 consistit,
1439 1737 1487 1772 ut
1519 1731 1628 1772 nihil
1660 1733 1718 1773 sit

230 1795 454 1848 proprium
477 1793 606 1834 alicui
629 1794 710 1833 nisi
733 1794 790 1834 sit
817 1807 1068 1843 commune,
1097 1800 1142 1835 et
1169 1795 1229 1834 sic
1249 1794 1368 1847 quod
1390 1795 1433 1834 in
1456 1794 1640 1848 singulis
1662 1796 1719 1836 sit

228 1858 498 1899 ideartotius
529 1856 734 1897 hominis.
817 1857 917 1898 Hoc
951 1871 1160 1897 arcanum
1193 1865 1262 1898 est
1295 1857 1413 1911 quod
1445 1858 1576 1898 datur
1606 1858 1719 1899 sicut

228 1918 698 1973 conclusum,—-Quod
715 1920 850 1960 homo
869 1921 925 1961 sit
944 1920 1208 1974 complexus
1227 1921 1423 1961 omnium
1439 1934 1607 1970 usuum,
1624 1922 1718 1975 qui-

229 1998 403 2038 cunque
435 1985 478 2024 in
510 1983 680 2024 mundo
711 1990 805 2024 tam
838 1984 1055 2037 spirituali
1087 1997 1218 2037 quam
1251 1985 1295 2024 in
1327 1985 1494 2025 mundo
1526 1985 1716 2025 naturali

228 2049 417 2098 dantur;
450 2053 496 2088 et
518 2047 637 2100 quod
660 2048 958 2100 unusquisque
980 2061 1082 2087 usus
1105 2061 1163 2087 ex
1190 2047 1290 2087 idea
1311 2047 1501 2088 universi
1527 2048 1570 2088 in
1593 2061 1640 2088 se
1663 2048 1719 2089 sit

230 2112 344 2152 sicut
367 2111 519 2159 homo,
540 2110 617 2151 sed
641 2109 757 2158 talis,
777 2110 919 2163 qualis
942 2116 1011 2150 est
1034 2124 1151 2159 usus,
1170 2110 1254 2150 hoc
1278 2117 1361 2159 est,
1380 2110 1471 2163 ejus
1489 2109 1655 2151 functio
1676 2111 1719 2151 in

231 2175 469 2216 communi.
532 2173 633 2213 Hoc
657 2173 795 2213 trahit
818 2173 955 2213 homo
977 2187 1036 2213 ex
1059 2187 1126 2221 eo,
1147 2173 1266 2226 quod
1289 2174 1345 2213 sit
1367 2174 1583 2226 recipiens
1601 2174 1720 2214 vitae

231 2252 256 2279 a
289 2238 513 2286 Domino;
550 2237 643 2276 vita
669 2237 786 2278 enim
814 2250 926 2290 quae
958 2250 984 2276 a
1016 2236 1212 2276 Domino
1238 2242 1306 2276 est
1333 2236 1598 2288 complexus
1623 2249 1719 2277 om·

230 2302 350 2341 nium
377 2314 480 2341 usus
506 2301 549 2340 in
575 2298 823 2350 infinitum3
857 2305 926 2339 est
953 2300 1070 2339 enim
1098 2299 1317 2339 Dominus
1343 2298 1463 2339 solus
1498 2298 1650 2339 Homo
1676 2300 1719 2340 in

231 2363 289 2405 Se
311 2365 450 2412 vivus,
475 2376 533 2403 ex
556 2376 644 2416 quo
667 2375 800 2403 omne
823 2362 953 2402 vitae‘
969 2369 1064 2413 est3
1097 2368 1143 2403 et
1170 2362 1251 2402 nisi
1277 2361 1353 2402 illa
1377 2361 1518 2402 forma
1539 2375 1641 2402 usus
1663 2362 1720 2403 sit

231 2426 404 2468 infinita
424 2427 469 2467 in
492 2421 701 2476 Domino,
726 2438 816 2466 non
839 2425 932 2466 dari
954 2431 1107 2480 posset
1130 2424 1254 2465 finita
1276 2425 1319 2464 in
1342 2424 1433 2466 ullo
1450 2424 1644 2466 homine.
