1962 3328
287 265 309 294 2
318 264 396 307 572
701 263 1033 296 APOCALYPSIS
1065 263 1363 295 EXPLICATA.
1395 306 1400 312 ,

367 386 510 427 999.
541 375 616 414 “Et
639 388 694 415 ex
711 388 782 415 ore
798 374 1410 427 pseudoprophetae.''—Quod
1437 373 1662 426 significet
1684 375 1780 415 doc-

287 439 457 479 trinam
476 439 595 493 fidei
621 446 859 491 separatae
882 453 916 479 ‘a
946 439 1054 488 vita,
1089 453 1139 479 ac
1158 439 1497 492 justzficatz'om‘s
1523 445 1612 491 per
1640 439 1779 486 illam,

286 502 591 556 confirmatam
617 517 672 542 ex
708 502 846 543 Verbo
861 502 1124 556 falsificata,
1154 509 1335 542 constat
1363 517 1421 542 ex
1449 501 1780 554 significatione

291 565 797 618 “pseudoprophetae,”
829 565 948 618 quod
981 567 1038 605 sit
1072 564 1276 605 doctrina
1309 565 1406 605 falsi
1444 579 1502 605 ex
1535 564 1781 605 falsificatis

288 628 403 667 veris
422 627 560 667 Verbi
578 641 586 667 z
616 628 734 680 quod
754 628 838 668 hoc
859 642 935 681 per
957 631 981 647 ·‘
995 628 1438 681 pseudoprophetam
1452 627 1470 641 ”
1487 627 1779 680 significetur,

287 698 357 731 est
401 690 502 743 quia
544 705 621 743 per
661 690 1000 743 “prophetam”
1038 691 1307 742 intelligitur
1347 689 1552 730 doctrina
1591 691 1683 731 veri
1723 705 1782 731 ex

289 751 460 800 Verbo,
489 758 534 792 et
562 753 604 791 in
632 765 766 792 sensu
793 765 1005 804 supremo
1029 752 1234 791 Verbum
1266 763 1424 798 (videatur
1445 762 1580 800 [supra,]
1604 772 1633 791 n.
1653 752 1781 803 624);

286 813 390 854 inde
408 815 682 854 contrarium
702 827 778 866 per
796 813 1296 866 “pseudoprophetam''
1311 812 1593 865 intelligitur.
1646 813 1780 854 Prae-

288 882 414 917 terea
440 892 517 930 per
543 877 1030 930 “pseudoprophetam
1045 876 1063 890 ”
1086 876 1230 916 simile
1257 876 1327 916 hic
1356 876 1635 928 significatur
1660 877 1780 930 quod

287 952 365 991 per
391 940 621 981 “bestiam
644 940 969 979 ascendentem
993 954 1052 979 ex
1077 946 1196 979 terra
1214 939 1247 989 ;”
1275 952 1378 979 nam
1401 939 1564 979 dicitur
1585 943 1682 979 “ex
1707 953 1782 979 ore

286 1002 459 1043 bestiae
501 1010 547 1043 et
591 1002 1016 1056 pseudoprophetae
1034 1002 1068 1041 ;”
1111 1009 1239 1042 erant
1278 1003 1396 1042 enim
1440 1002 1571 1042 binae
1608 1002 1782 1042 bestiae

287 1079 364 1117 per
386 1080 495 1119 quas
519 1066 656 1106 draco
681 1065 864 1105 ulterius
889 1066 1140 1118 descriptus
1168 1072 1253 1112 est,
1279 1078 1366 1104 una
1389 1065 1484 1104 visa
1508 1068 1605 1105 “ex
1633 1065 1782 1111 mari‚”

287 1127 431 1168 altera
450 1132 474 1148 “
489 1143 547 1169 ex
566 1128 726 1175 terra‚’'
740 1128 994 1168 ascendens
1013 1142 1020 1177 ;
1041 1141 1118 1180 per
1135 1128 1367 1168 “bestiam
1383 1142 1440 1168 ex
1458 1129 1566 1168 mari
1583 1128 1601 1143 ”
1617 1128 1783 1181 signifi-

289 1197 449 1231 cantur
475 1191 843 1232 confirmationes
870 1190 971 1231 fidei
998 1197 1234 1243 separatae
1267 1205 1292 1230 a
1324 1192 1418 1231 vita
1445 1205 1522 1244 per
1547 1193 1782 1232 ratiocinia

288 1267 345 1293 ex
367 1254 559 1294 naturali
583 1254 778 1300 homine,
800 1268 878 1306 per
899 1257 923 1273 “
938 1254 1130 1294 bestiam
1143 1253 1161 1267 ”
1180 1260 1332 1294 autem
1355 1258 1450 1294 “ex
1475 1261 1593 1294 terra
1606 1254 1624 1269 ”
1642 1255 1781 1307 signi-

289 1315 479 1357 ficantur
503 1317 870 1357 confirmationes
894 1316 995 1356 fidei
1023 1323 1259 1369 separatae
1286 1331 1310 1356 a
1337 1318 1431 1356 vita
1458 1331 1516 1356 ex
1541 1316 1709 1364 Verbo,
1735 1324 1781 1357 et

288 1380 391 1419 inde
423 1379 759 1420 falsificationes
796 1380 914 1432 ejus;
958 1387 1004 1420 et
1042 1381 1143 1433 quia
1180 1380 1282 1420 inde
1315 1378 1431 1420 sacta
1469 1386 1538 1420 est
1577 1378 1782 1420 doc'trina

287 1442 521 1490 ecclesiae,
551 1449 595 1483 et
624 1441 828 1483 doctrina
854 1442 930 1483 illa
957 1443 1091 1483 docet
1119 1444 1452 1495 separationem
1479 1442 1580 1482 fidei
1612 1457 1637 1482 a
1670 1443 1779 1490 vita,

287 1518 337 1545 ac
366 1505 736 1558 justificationem
770 1520 847 1558 per
879 1505 1013 1545 fidem
1046 1505 1170 1545 illam
1203 1513 1474 1558 separatam,
1503 1506 1604 1546 ideo
1636 1505 1781 1546 altera

291 1568 403 1608 haec
431 1569 578 1609 bestia
603 1568 872 1621 intelligitur
898 1582 976 1622 per
1005 1568 1527 1622 “pseudoprophetam.”

288 1662 466 1685 (Continuatio
476 1662 506 1683 de
516 1663 591 1683 Sexto
602 1663 756 1688 Praecepto.)

363 1698 419 1732 Ex
441 1709 575 1733 amore
602 1710 692 1733 vere
719 1699 931 1745 conjugiali
959 1707 1020 1733 est
1047 1698 1224 1743 potentia
1251 1706 1290 1733 et
1316 1699 1441 1733 tutela
1466 1705 1604 1733 contra
1631 1698 1782 1734 inferna

287 1745 381 1790 quia
398 1753 537 1780 contra
557 1747 658 1780 mala
677 1753 715 1780 et
735 1746 830 1780 falsa
848 1757 947 1791 quae
967 1757 1014 1780 ex
1035 1745 1196 1780 infernis
1215 1747 1454 1785 ascendunt;
1480 1757 1597 1780 causa
1614 1753 1674 1781 est
1689 1747 1782 1791 quia

287 1803 356 1837 per
367 1803 541 1827 amorem
558 1793 821 1837 conjugialem
837 1800 896 1827 est
910 1793 1061 1826 homini
1075 1792 1304 1838 conjunctio
1317 1804 1406 1827 cum
1421 1792 1605 1832 Domino,
1620 1800 1660 1828 et
1674 1794 1781 1828 solus

289 1839 484 1874 Dominus
503 1840 608 1874 valet
629 1851 747 1884 super
766 1840 901 1874 omnia
927 1839 1097 1879 inferna;
1123 1846 1208 1873 tum
1236 1840 1328 1884 quia
1355 1851 1423 1884 per
1442 1851 1617 1875 amorem
1644 1840 1781 1886 conju-

285 1886 428 1932 gialem
449 1893 508 1921 est
527 1887 677 1921 homini
697 1887 848 1921 caelum
868 1894 908 1922 et
926 1887 1100 1926 ecclesia,
1120 1898 1239 1932 quare
1258 1887 1359 1921 sicut
1381 1886 1574 1922 Dominus
1593 1887 1781 1922 continue

285 1940 439 1968 tutatur
457 1934 608 1968 caelum
628 1941 667 1968 et
686 1934 890 1968 ecclesiam
911 1945 932 1968 a
947 1934 1059 1968 malis
1078 1941 1117 1968 et
1139 1934 1246 1968 falsis
1264 1945 1364 1978 quae
1390 1934 1438 1968 ab
1466 1933 1627 1968 infernis
1654 1945 1782 1968 assur-

286 1987 396 2026 gunt,
418 1981 472 2015 ita
489 1991 628 2015 omnes
647 1981 713 2025 qui
735 1981 772 2014 in
792 1991 926 2015 amore
944 1992 1035 2015 vere
1053 1981 1266 2026 conjugiali
1286 1988 1498 2021 sunt‚—nam
1518 1982 1623 2026 apud
1643 1981 1716 2016 hos
1742 1989 1781 2016 et

288 2039 367 2062 non
387 2028 491 2072 apud
511 2028 609 2062 alios
628 2035 688 2062 est
709 2028 860 2062 caelum
885 2035 924 2062 et
946 2028 1128 2068 ecclesia;
1155 2036 1215 2062 est
1241 2028 1345 2062 enirn
1373 2028 1523 2062 caelum
1552 2035 1591 2062 et
1617 2029 1782 2063 ecclesia

287 2075 516 2120 conjugium
530 2075 623 2109 boni
643 2082 681 2108 et
696 2075 789 2114 veri,
810 2086 856 2109 ex
872 2086 951 2119 quo
970 2081 1031 2109 est
1049 2086 1161 2109 amor
1175 2075 1419 2119 conjugialis,
1434 2082 1478 2109 ut
1496 2086 1614 2120 supra
1632 2074 1780 2109 dierum

287 2129 357 2156 est.
410 2121 507 2156 Inde
526 2129 586 2156 est
612 2123 718 2166 quod
747 2122 898 2156 homini
920 2133 988 2166 per
1006 2133 1180 2156 amorem
1209 2122 1470 2167 conjugialem
1499 2123 1550 2156 sit
1577 2133 1662 2167 pax,
1681 2133 1781 2167 quae

287 2176 347 2203 est
367 2168 549 2202 intimum
568 2168 755 2214 gaudium
778 2169 908 2203 cordis
930 2180 976 2202 ex
996 2169 1227 2203 omnimoda
1245 2169 1455 2203 securitate
1473 2170 1522 2203 ab
1551 2169 1722 2209 infernis,
1741 2176 1782 2204 et

287 2227 336 2250 ex
354 2216 551 2250 tutatione
570 2216 618 2250 ab
638 2214 958 2250 infestationibus
978 2216 1070 2250 mali
1089 2223 1128 2250 et
1147 2215 1232 2250 falsi
1253 2215 1353 2251 inde.

359 2338 535 2368 1000.
558 2326 757 2378 “Spiritus
774 2331 861 2367 tres
877 2327 1097 2367 immundos
1110 2327 1263 2367 similes
1275 2326 1623 2379 mnis.''——Quod
1639 2328 1778 2379 signi-

288 2377 405 2430 ficet‘
433 2389 789 2429 ratiocinationes
825 2403 879 2429 ex
915 2389 1048 2429 meris
1077 2389 1223 2440 falsis
1259 2396 1410 2429 contra
1449 2389 1618 2429 Divina
1653 2403 1775 2437 vera,

290 2459 472 2493 constat
506 2467 563 2493 ex
597 2453 926 2505 significatione
956 2454 1228 2505 “spirituum
1261 2452 1631 2499 immundorum‚”
1657 2453 1776 2505 quod

290 2516 378 2556 sint
403 2515 514 2555 falsa
538 2516 642 2555 mali
665 2530 778 2569 quae
801 2516 858 2555 ab
881 2515 1079 2565 inferno;
1113 2529 1271 2555 omnes
1295 2517 1412 2555 enim
1436 2516 1508 2568 qui
1531 2516 1574 2555 in
1597 2515 1778 2570 infernis

289 2585 407 2626 sunt,
442 2593 500 2618 ex
539 2578 660 2618 falsis
698 2578 803 2618 mali
836 2585 939 2618 sunt
972 2579 1203 2625 immundi,
1238 2592 1296 2618 ex
1329 2591 1462 2618 causa
1494 2579 1595 2630 quia
1627 2578 1779 2618 omnia

287 2642 520 2681 immunda
543 2642 748 2682 existunt
775 2655 833 2681 ex
865 2641 986 2681 falsis
1013 2655 1126 2694 quae
1158 2655 1216 2680 ex
1250 2640 1370 2680 malo
1402 2647 1520 2687 sunt,
1549 2646 1594 2680 et
1627 2641 1779 2680 omnia

287 2705 452 2743 munda
474 2702 568 2744 mex
594 2705 707 2744 veris
730 2718 844 2757 quae
866 2718 924 2744 ex
949 2704 1093 2743 bono:
1123 2718 1181 2744 ex
1206 2702 1536 2755 significatione
1563 2702 1776 2750 “trium,'’

290 2767 409 2819 quod
434 2768 522 2807 sint
546 2768 696 2807 omnia
719 2774 764 2807 et
789 2767 985 2820 plenum,
1008 2780 1058 2807 ac
1078 2767 1284 2806 dicantur
1302 2767 1357 2806 de
1380 2767 1494 2806 veris
1517 2773 1594 2806 aut
1618 2766 1673 2806 de
1695 2766 1776 2806 fal-

289 2828 348 2866 sis
372 2839 426 2873 (de
439 2847 503 2875 qua
517 2837 854 2880 [supra],n.435[a]‚
870 2828 1203 2880 506‚532‚658);
1236 2827 1340 2866 inde
1363 2827 1499 2867 etiam
1525 2841 1603 2879 per
1623 2826 1778 2866 “tria'’

287 2889 565 2942 significatur
602 2903 781 2943 prorsus
819 2896 863 2930 et
907 2902 1041 2937 mere,
1081 2889 1150 2929 hic
1194 2901 1363 2929 merum
1401 2888 1585 2928 falsum:
1633 2894 1678 2928 et
1716 2901 1774 2928 ex
