1962 3328
322 284 379 326 60
738 294 1072 326 APOCALYPSIS
1103 294 1402 326 EXPLICATA.

324 406 493 460 grum,'’
510 410 618 448 “cor
632 405 859 455 sra&um‚‘’
877 410 984 447 “cor
999 406 1250 455 carneum,'’
1268 410 1382 447 “cor
1397 406 1661 460 lapideum‚”
1678 411 1703 429 ‘⁴
1716 408 1813 462 pin-

323 470 436 522 guis,
458 469 621 518 mollis,
641 469 933 518 vilis'corde‚''
954 473 1083 509 “non
1102 469 1163 509 illi
1182 469 1298 518 cor‚'‘
1319 470 1462 510 “dare
1481 483 1557 510 cor
1574 471 1630 510 ad
1652 470 1815 512 facien-

323 533 469 581 dum,''
499 533 644 573 “dare
672 546 749 573 cor
774 531 950 580 unum,‘’
979 532 1122 573 “dare
1154 545 1231 572 cor
1257 532 1462 580 novum,'‘
1491 535 1744 586 “reponere
1770 534 1814 575 in

323 596 499 645 corde‚”
534 597 774 648 “recipere
815 596 858 635 in
900 594 1075 644 corde‚”
1109 599 1239 636 “non
1281 595 1486 636 ascendit
1528 609 1659 649 super
1699 596 1815 646 cor,‘’

326 659 588 700 “offirmare
604 673 651 699 se
667 657 841 706 corde‚”
862 657 1125 699 “extollere
1141 671 1187 698 se
1203 658 1378 707 corde‚”
1399 662 1423 679 “
1436 660 1604 700 amicus
1619 659 1765 700 cordis
1781 659 1804 710 ;'

323 723 426 763 inde
445 723 605 763 dicitur
625 724 651 741 “
664 721 945 770 concordia,’'
966 725 990 741 “
1005 721 1269 770 discordia,”
1289 722 1576 771 “vecordia,”
1593 728 1639 763 et
1654 722 1814 763 similia

323 786 462 839 plura.
526 786 577 826 In
593 784 748 826 Verbo
771 786 908 825 etiam
932 798 1010 838 per
1034 784 1178 825 “cor”
1201 785 1342 825 ubivis
1365 785 1641 838 significatur
1653 785 1813 826 volun-

323 855 394 889 tas
416 855 493 889 aut
516 861 655 897 amor,
681 861 740 888 ex
763 862 898 889 causa
920 848 1023 902 quia
1044 847 1153 888 illud
1176 861 1255 902 per
1276 862 1434 889 omnes
1457 849 1814 902 corresponden-

324 912 409 952 tias
436 912 744 965 conscriptum
770 916 853 952 est.

403 973 557 1015 Simile
579 980 649 1015 est
667 987 769 1014 cum
793 973 1020 1028 pulmone,
1045 988 1124 1027 per
1146 972 1266 1026 cujus
1289 974 1485 1015 animam
1511 988 1589 1016 seu
1611 975 1814 1029 spiritum

324 1036 600 1090 significatur
625 1035 913 1087 intellectum
947 1050 1051 1077 nam
1079 1037 1193 1077 sicut
1221 1050 1297 1077 cor
1323 1038 1647 1091 correspondet
1674 1039 1814 1079 amori

323 1114 400 1140 seu
431 1099 671 1148 voluntati,
697 1100 764 1148 ⁴ita
795 1100 944 1140 anima
976 1113 1052 1140 seu
1084 1100 1263 1152 spiritus
1295 1099 1571 1152 pulmonum,
1599 1114 1712 1154 quae
1744 1108 1814 1142 est

322 1163 571 1216 respiratio,
589 1162 914 1215 correspondet
933 1160 1194 1203 intellectui.
1251 1162 1362 1203 Inde
1377 1168 1447 1203 est
1465 1163 1583 1216 quod
1601 1164 1644 1204 in
1660 1163 1815 1205 Verbo

323 1225 498 1266 dicatur
519 1226 638 1279 quod
662 1226 799 1266 homo
822 1231 1051 1266 amaturus
1074 1226 1130 1266 sit
1155 1225 1299 1266 Deum
1327 1229 1466 1266 “toto
1489 1226 1624 1267 corde
1646 1232 1692 1267 et
1714 1232 1815 1267 tota

323 1289 472 1329 anima
489 1288 522 1339 ;'’
555 1302 632 1342 per
658 1302 772 1342 quae
799 1288 1076 1341 significatur
1101 1288 1221 1341 quod
1247 1295 1477 1329 amaturus
1503 1290 1560 1330 sit
1587 1290 1708 1330 omni
1733 1303 1814 1330 vo-

323 1351 500 1393 luntate
527 1358 573 1392 et
600 1352 722 1392 omni
754 1350 1014 1392 intellectu:
1054 1351 1259 1392 similiter
1284 1352 1404 1405 quod
1437 1351 1559 1393 Deus
1585 1358 1814 1393 creaturus

323 1415 381 1455 sit
407 1415 450 1455 in
477 1415 659 1455 homine
685 1418 893 1454 “novum
920 1428 997 1455 cor
1019 1420 1065 1455 et
1092 1428 1256 1455 novum
1281 1415 1484 1468 spiritum
1501 1414 1534 1465 ;”
1566 1429 1644 1468 per
1667 1415 1814 1456 “cor'’

323 1478 381 1518 ibi
404 1477 681 1530 significatur
702 1476 927 1526 voluntas,
953 1483 998 1518 et
1021 1491 1099 1531 per
1119 1478 1360 1531 “spiritum
1377 1477 1395 1493 '’
1417 1477 1688 1526 intellectus,
1713 1479 1815 1532 quia

323 1554 425 1581 cum
463 1540 601 1581 homo
638 1546 944 1593 regeneratur,
981 1554 1005 1581 e
1041 1554 1161 1581 novo
1198 1547 1403 1581 creatur:
1448 1541 1551 1582 inde
1587 1542 1724 1582 etiam
1758 1542 1814 1583 de

324 1602 508 1644 Adamo
525 1603 688 1644 dicitur
705 1602 824 1656 quod
837 1602 1043 1656 Jehovah
1064 1603 1185 1643 Deus
1201 1603 1482 1656 inspiraverit
1504 1604 1547 1644 in
1571 1617 1700 1645 nares
1722 1604 1814 1657 ejus

326 1667 563 1707 “animam
595 1665 828 1715 vitarum‚'’
854 1679 905 1707 ac
938 1665 1092 1707 fecerit
1124 1666 1250 1707 illum
1279 1667 1512 1707 “animam
1544 1668 1814 1717 viventem,”

323 1743 402 1783 per
418 1743 531 1783 quae
555 1728 832 1782 significatur
852 1729 971 1782 quod
996 1729 1117 1770 Deus
1143 1730 1424 1783 inspiraverit
1447 1729 1510 1770 illi
1532 1731 1813 1783 sapientiam.

326 1792 539 1833 “Nares”
565 1793 717 1841 etiam,
742 1806 801 1832 ex
833 1792 1234 1846 correspondentia
1259 1793 1564 1846 respirationis
1595 1806 1673 1846 per
1698 1793 1811 1843 illas,

323 1855 580 1911 significant
603 1856 957 1909 perceptionem,
977 1869 1036 1896 ex
1059 1869 1146 1909 quo
1164 1861 1233 1896 est
1251 1855 1371 1909 quod
1394 1856 1531 1896 homo
1553 1855 1814 1910 intelligens

323 1919 498 1960 dicatur
520 1932 618 1959 esse
639 1921 838 1959 “acutae
861 1918 1017 1964 naris,”
1040 1925 1086 1959 et
1108 1918 1247 1959 homo
1269 1932 1359 1959 non
1382 1919 1643 1972 intelligens
1668 1920 1814 1961 “obe-

324 1996 399 2023 sae
427 1982 581 2022 naris.''
643 1981 754 2022 Inde
780 1995 955 2035 quoque
982 1988 1051 2022 est
1078 1981 1197 2035 quod

1806 659 1815 675 9

390 2078 567 2110 Dominus
592 2078 780 2119 spiraverit
803 2078 838 2109 in
864 2078 1068 2118 discipulos,
1096 2084 1131 2110 et
1162 2078 1291 2110 dixerit
1318 2078 1399 2116 illis,
1431 2078 1622 2120 “Accipite
1646 2079 1814 2120 Spiritum

499 2121 666 2154 Sanctum
680 2121 696 2133 ’‘
715 2121 813 2164 (Joh.
834 2132 891 2153 xx.
907 2121 972 2162 22).

324 2218 406 2259 Per
423 2218 543 2271 quod
561 2218 832 2271 “spiraverit
852 2218 893 2257 in
914 2217 1014 2258 illos
1027 2218 1045 2232 ’'
1063 2217 1340 2271 significatur
1357 2218 1660 2271 intelligentia
1678 2231 1812 2272 quam

323 2281 553 2334 accepturi
580 2286 747 2331 'erant;
789 2287 835 2321 et
868 2295 945 2334 per
979 2280 1230 2334 “Spiritum
1269 2279 1513 2322 Sanctum''
1545 2281 1813 2334 intelligitur

325 2345 488 2384 Divina
520 2343 753 2397 Sapientia
779 2357 892 2396 quae
922 2344 1057 2384 docet
1090 2357 1141 2384 ac
1174 2343 1370 2384 illustrat
1402 2343 1645 2384 hominem.
1709 2343 1810 2384 Hoc

322 2405 487 2447 sactum
511 2413 580 2447 est
605 2413 653 2447 ut
677 2406 985 2446 manifestaret
1004 2407 1123 2459 quod
1147 2406 1310 2446 Divina
1333 2405 1578 2459 Sapientia,
1599 2420 1713 2459 quae
1735 2419 1812 2459 per

326 2469 576 2523 “Spiritum
605 2467 849 2510 sa12&um”
871 2469 1153 2521 intelligitur,
1177 2469 1234 2509 ab
1257 2469 1362 2522 Ipso
1386 2469 1616 2522 procedat.
1678 2468 1812 2522 Quod

323 2533 472 2573 anima
494 2539 540 2574 et
563 2533 743 2586 spiritus
762 2532 969 2573 dicantur
986 2532 1042 2572 de
1064 2533 1372 2585 respiratione,
1394 2546 1452 2572 ex
1471 2532 1697 2572 communi
1719 2545 1811 2573 ser-

324 2608 458 2636 mone
473 2596 610 2636 etiam
627 2601 785 2635 notum
800 2601 883 2643 est,
902 2608 1005 2635 nam
1021 2595 1182 2635 dicitur
1195 2595 1314 2648 quod
1333 2595 1470 2635 homo
1488 2596 1701 2636 “emittat
1716 2594 1812 2636 ani-

323 2658 474 2699 mam’'
492 2665 537 2699 et
560 2659 780 2699 “emittat
799 2659 1002 2711 spiritum
1016 2658 1035 2673 ’'
1053 2671 1153 2698 cum
1172 2658 1372 2705 moritur,
1393 2671 1497 2699 nam
1521 2664 1626 2699 tunc
1646 2658 1813 2700 desinit

323 2722 521 2762 animare
543 2728 589 2762 et
614 2722 805 2774 spirare;
838 2727 884 2762 et
907 2735 1083 2774 quoque
1105 2721 1224 2774 quod
1251 2721 1498 2774 “spiritus''
1523 2722 1566 2761 in
1589 2721 1812 2775 plerisque

323 2784 486 2837 linguis
523 2784 746 2837 significet
783 2790 1034 2838 utrumque,
1069 2790 1163 2824 tam
1197 2784 1400 2837 spiritum
1438 2785 1481 2824 in
1518 2783 1646 2825 caelo
1677 2796 1811 2838 quam

323 2847 592 2901 spiraculum
624 2847 832 2896 hominis,
866 2853 912 2888 et
945 2861 1120 2900 quoque
1152 2854 1351 2887 ventum.
1414 2846 1487 2887 Ex
1519 2861 1573 2888 eo
1604 2854 1674 2888 est
1711 2847 1812 2887 idea

323 2911 440 2965 apud
463 2910 611 2965 plures
630 2923 840 2964 regnans,
859 2910 977 2964 quod
1001 2911 1180 2963 spiritus
1203 2910 1246 2950 in
1270 2910 1407 2951 caelis
1430 2911 1518 2951 sint
1537 2911 1651 2951 sicut
1669 2910 1808 2958 venti,
