1962 3328
258 249 370 292 2540
671 248 1004 282 APOCALYPSIS
1036 250 1335 284 EXPLICATA.

250 362 492 415 spirituali,
539 368 722 404 constat
768 378 827 404 ex
873 363 1204 416 significatione
1249 365 1439 418 “angeli
1485 367 1743 420 aquarum,”

251 427 370 480 quod
398 427 458 466 sit
490 439 680 478 regnum
707 427 938 479 spirituale
972 427 1183 478 Domini3
1222 442 1327 468 nam
1354 443 1432 482 per
1461 429 1712 482 “angelum
1725 430 1744 444 ”

251 491 295 530 in
311 489 466 530 Verbo
484 488 763 542 significatur
781 489 948 543 aliquid
968 490 1164 538 Domini,
1187 498 1281 531 tum
1304 493 1498 532 societas
1517 492 1742 540 caelestis,

251 559 298 593 et
335 566 512 605 quoque
549 551 755 602 caelum3
798 552 868 592 hic
902 566 979 605 per
1014 553 1265 605 “angelum
1297 554 1543 607 aquarum”
1575 554 1743 607 signifi-

251 622 413 655 cantur
439 614 551 655 caeli
575 629 632 655 ex
658 615 815 667 quibus
838 628 1026 667 regnum
1051 616 1282 668 spirituale
1302 617 1484 656 Domini
1507 618 1742 667 consistit;

251 692 330 731 per
359 677 564 731 “aquas''
591 679 710 718 enim
743 677 1052 730 significantur
1084 693 1202 726 vera,
1231 680 1294 719 ita
1326 680 1600 732 spiritualia;
1639 694 1744 720 nam

253 741 464 781 Divinum
507 740 678 781 Verum
725 741 768 780 in
815 741 951 781 caelis
997 747 1067 781 est
1108 742 1227 794 quod
1270 749 1458 782 vocatur
1499 743 1742 796 spirituale,

253 804 464 844 Divinum
506 810 658 843 autem
706 803 880 843 Bonum
919 810 1107 843 vocatur
1149 804 1360 845 caeleste.
1432 804 1546 846 Sunt
1587 819 1745 846 omnes

252 867 364 906 caeli
394 867 436 906 in
464 867 568 906 bina
594 880 733 918 regna
760 865 987 915 distin&i;
1023 880 1158 906 unum
1186 874 1375 907 vocatur
1400 881 1588 920 regnum
1616 869 1743 921 spiri—

251 929 388 977 tuale,
405 929 597 969 alterum
617 942 806 981 regnum
822 929 1047 969 caeleste:
1077 943 1266 981 regnum
1283 930 1514 982 spirituale
1533 932 1744 971 consistit

252 1005 311 1032 ex
343 991 480 1031 caelis
513 997 559 1031 et
591 992 649 1031 ibi
681 991 857 1044 angelis
890 992 963 1044 qui
1004 992 1047 1031 in
1090 992 1255 1032 Divino
1288 992 1412 1032 Vero
1444 1000 1563 1041 sunt,
1597 1007 1647 1034 ac
1681 994 1744 1034 illi

253 1054 367 1095 caeli
394 1061 498 1094 sunt
526 1055 568 1094 in
597 1054 733 1107 plaga
760 1055 1041 1094 meridionali
1069 1061 1115 1095 et
1142 1055 1185 1094 in
1214 1054 1350 1107 plaga
1373 1056 1743 1108 septentrionali;

252 1124 300 1158 at
333 1131 522 1170 regnum
556 1117 756 1158 caeleste
789 1119 998 1158 consistit
1031 1132 1090 1157 ex
1123 1118 1260 1158 caelis
1292 1125 1338 1159 et
1375 1119 1434 1158 ibi
1466 1119 1639 1172 angelis
1672 1121 1745 1173 qui

252 1181 295 1220 in
330 1181 495 1221 Divino
523 1181 652 1220 Bono
685 1187 804 1229 sunt,
834 1194 884 1221 ac
918 1181 982 1221 illi
1013 1181 1125 1221 caeli
1158 1188 1261 1222 sunt
1294 1182 1337 1221 in
1371 1181 1506 1235 plaga
1538 1182 1745 1223 orientali

253 1250 298 1284 et
323 1244 621 1284 occidentali:
650 1257 838 1296 regnum
863 1245 1014 1296 itaque
1038 1244 1283 1297 spirituale,
1309 1245 1428 1298 quod
1453 1246 1661 1285 consistit
1686 1259 1744 1286 ex

253 1307 390 1347 caelis
423 1313 468 1346 et
501 1307 559 1346 ibi
591 1306 766 1359 angelis
799 1307 871 1359 qui
904 1307 946 1346 in
981 1307 1145 1347 Divino
1173 1307 1296 1347 Vero
1328 1314 1446 1355 sunt,
1475 1307 1745 1361 intelligitur

253 1384 331 1423 per
359 1369 608 1422 “angelum
642 1383 856 1422 aquarum
877 1369 909 1420 ;’'
942 1376 988 1410 at
1021 1369 1220 1410 caeleste
1252 1384 1455 1423 regnum,
1484 1371 1603 1424 quod
1635 1384 1743 1411 con-

253 1433 372 1473 sistit
407 1447 465 1472 ex
503 1432 640 1473 caelis
673 1439 719 1473 et
760 1433 819 1472 ibi
851 1433 1027 1485 angelis
1068 1433 1140 1485 qui
1180 1434 1222 1472 in
1257 1433 1419 1473 Divino
1463 1433 1590 1474 Bono
1623 1440 1742 1482 sunt,

252 1494 525 1547 intelligitur
564 1508 643 1547 per·
684 1494 937 1547 “angelum
977 1508 1035 1534 CX
1075 1494 1251 1541 altarl,”
1287 1505 1341 1541 (de
1361 1506 1477 1542 quoin
1498 1515 1590 1534 versu
1609 1507 1745 1543 septimo

252 1566 429 1602 sequente.)
461 1568 539 1606 per
577 1553 794 1594 “altare’'
829 1554 948 1594 enirn
985 1554 1263 1607 significatur
1300 1555 1514 1594 Divinum
1551 1555 1743 1595 Bonum.

254 1615 387 1668 Quod
417 1614 648 1667 “angelus
675 1628 889 1668 aquarum
903 1615 920 1629 ’'
948 1616 1273 1668 praedicaverit
1297 1615 1517 1668 justitiam
1546 1616 1741 1664 Domini,

253 1685 437 1719 constat
470 1693 528 1719 ex
561 1678 647 1718 illis
681 1679 753 1732 qui
786 1679 842 1719 ab
874 1692 928 1719 eo
959 1678 1125 1731 angelo
1152 1677 1271 1719 dicta
1303 1686 1421 1728 sunt,
1450 1686 1495 1720 et
1527 1693 1641 1733 quae
1674 1694 1743 1721 se-

253 1749 460 1795 quuntur.

253 1830 431 1854 (Coutinuatio
441 1829 470 1850 de
483 1829 578 1855 Quinto
588 1829 745 1854 Praecepto.)

324 1862 528 1909 Quantum
549 1864 670 1897 homo
689 1862 844 1897 desistit
863 1873 885 1896 a
904 1862 1027 1901 malis,
1046 1873 1091 1897 ac
1110 1861 1211 1908 fugit
1230 1869 1269 1897 et
1281 1870 1484 1898 aversatur
1503 1863 1569 1898 illa
1595 1869 1638 1898 ut
1657 1874 1746 1909 pec—

252 1917 351 1949 cata,
383 1918 537 1945 tantum
569 1910 696 1944 influit
734 1910 883 1943 bonum
916 1920 939 1943 a
971 1909 1167 1949 Domino:
1198 1911 1346 1944 bonum
1377 1911 1484 1955 quod
1517 1910 1746 1950 influit,'est

253 1957 412 1992 affefflio
438 1957 586 1992 sciendi
615 1964 654 1991 et
682 1957 927 2001 intelligendi
951 1967 1052 1995 vera,
1073 1963 1112 1991 et
1139 1956 1296 1992 affeclio
1322 1957 1481 1992 volendi
1509 1965 1548 1992 et
1575 1957 1744 1992 faciendi

253 2006 367 2039 bona.
420 2004 496 2039 Sed
514 2005 635 2039 homo
651 2015 730 2038 non
746 2004 936 2039 desistere
953 2010 1084 2048 potest
1099 2015 1121 2038 a
1140 2004 1253 2038 malis
1269 2004 1458 2050 fugiendo
1473 2011 1512 2039 et
1527 2005 1746 2040 aversando

254 2052 320 2086 illa
337 2063 360 2086 a
380 2063 432 2091 se,
454 2052 536 2096 ipse
555 2052 659 2086 enim
683 2058 743 2085 est
764 2051 802 2084 in
820 2050 931 2085 malis
953 2062 1001 2085 ex
1028 2051 1246 2090 nativitate,
1267 2058 1306 2085 et
1333 2052 1423 2086 inde
1449 2062 1497 2086 ex
1519 2059 1679 2091 natura:
1705 2059 1746 2087 et

254 2110 333 2133 non
362 2106 529 2144 possunt
556 2099 659 2133 mala
684 2109 732 2133 ex
759 2109 799 2133 se
827 2097 961 2143 fugere
989 2099 1100 2137 mala,
1128 2098 1204 2132 hoc
1235 2099 1338 2133 enim
1369 2098 1472 2133 foret
1493 2099 1595 2134 sicut
1623 2099 1745 2134 homo

254 2153 434 2180 naturam
455 2157 564 2180 suam
585 2146 748 2191 fugeret,
769 2145 875 2190 quod
896 2156 975 2179 non
1003 2146 1138 2179 datur:
1164 2153 1406 2190 quapropter
1431 2146 1506 2180 erit
1534 2146 1741 2188 Dominus,

253 2193 319 2238 qui
341 2193 528 2227 Divinum
551 2193 706 2227 Bonum
726 2204 771 2227 ac
791 2191 979 2226 Divinum
1000 2192 1146 2226 Verum
1166 2199 1237 2232 est,
1256 2193 1322 2238 qui
1342 2192 1457 2227 faciet
1478 2199 1521 2227 ut
1539 2193 1660 2227 homo
1681 2193 1746 2228 illa

254 2240 398 2285 fugiat:
425 2241 491 2274 sed
513 2251 636 2286 usque
656 2241 775 2274 debet
802 2240 923 2273 homo
950 2239 1084 2284 fugere
1112 2240 1214 2274 mala
1240 2240 1341 2274 sicut
1367 2251 1389 2273 a
1415 2250 1477 2279 se;
1504 2241 1610 2284 quod
1639 2241 1743 2274 enim
1785 2274 1787 2276 ,

255 2288 376 2321 homo
396 2287 488 2322 facit
507 2288 609 2322 sicut
630 2298 653 2321 a
678 2299 730 2327 se,
752 2287 827 2321 hoc
854 2286 897 2320 fit
923 2286 1019 2331 ejus,
1047 2297 1091 2320 ac
1117 2286 1152 2321 ei
1179 2286 1458 2331 appropriatur
1482 2286 1584 2321 sicut
1609 2297 1744 2326 suum:

253 2335 360 2379 quod
380 2341 511 2369 autem
533 2335 626 2369 facit
646 2345 725 2369 non
744 2335 846 2368 sicut
864 2344 886 2367 a
904 2344 956 2372 se,
977 2333 1052 2368 hoc
1071 2344 1264 2378 nusquam
1292 2334 1336 2367 fit
1362 2334 1456 2378 ejus,
1476 2340 1516 2368 et
1541 2335 1577 2369 ei
1602 2344 1745 2378 appro-

255 2382 416 2426 priatur.
468 2380 586 2427 Quod
609 2393 632 2415 a
652 2381 826 2415 Domino
845 2380 954 2414 venit
980 2381 1028 2414 ad
1057 2380 1270 2419 hominem,
1295 2380 1370 2414 hoc
1390 2381 1657 2425 recipiendum
1684 2387 1745 2415 est

253 2429 302 2462 ab
322 2428 504 2468 homine;
531 2436 571 2463 et
589 2439 668 2463 non
689 2429 807 2473 recipi
829 2434 960 2472 potest
979 2427 1052 2462 nisi
1073 2427 1139 2461 illo
1158 2428 1328 2467 conscio,
1345 2428 1420 2462 hoc
1439 2434 1509 2466 est,
1525 2427 1626 2462 sicut
1643 2438 1666 2462 a
1683 2438 1744 2466 se:

254 2476 330 2509 hoc
349 2476 591 2520 reciprocum
611 2476 659 2510 ad
680 2474 1000 2510 reformationem
1023 2475 1286 2508 necessarium
1306 2482 1375 2509 est.
1429 2474 1525 2508 Inde
1551 2481 1611 2509 est
1637 2475 1744 2519 quod

254 2523 391 2557 decem
412 2530 620 2567 praecepta
645 2523 738 2557 data
763 2523 851 2562 sint,
874 2530 914 2556 et
940 2523 1047 2567 quod
1077 2521 1127 2555 ibi
1148 2522 1376 2555 mandatum
1396 2521 1503 2566 quod
1524 2521 1646 2556 homo
1663 2532 1744 2556 non

254 2570 359 2603 colet
387 2570 484 2604 alios
515 2570 621 2609 deos,
651 2581 731 2604 non
767 2569 990 2614 profanabit
1025 2579 1168 2611 nomen
1207 2568 1290 2607 Dei,
1319 2579 1397 2602 non
1433 2567 1636 2607 furabitur.
1664 2579 1744 2603 non

253 2617 550 2656 adulterabitur‚
571 2628 649 2650 non
669 2617 834 2655 occidet,
855 2627 933 2650 non
953 2615 1206 2659 concupiscet
1225 2615 1400 2654 domum,
1420 2626 1594 2655 uxorem,
1610 2626 1745 2650 servos

253 2663 420 2697 aliorum
434 2675 440 2702 ;
469 2664 523 2698 ita
537 2665 643 2708 quod
660 2664 783 2698 homo
798 2664 962 2698 desistet
976 2663 1024 2697 ab
1041 2662 1114 2696 illis
1130 2661 1328 2702 faciendis,
1344 2662 1568 2707 cogitando,
1584 2663 1745 2708 quando

253 2721 366 2744 amor
385 2711 475 2744 mali
494 2710 651 2745 alleftat
669 2719 709 2745 et
730 2711 877 2750 incitat,
898 2710 1004 2755 quod
1025 2720 1103 2744 non
1124 2708 1303 2743 facienda
1329 2709 1407 2743 sint
1427 2709 1518 2753 quia
1543 2716 1636 2744 sunt
1655 2720 1745 2754 pec-

254 2763 341 2791 cata
359 2763 497 2791 contra
518 2757 656 2797 Deum,
676 2758 774 2792 acin
795 2769 835 2792 se
856 2756 1070 2791 infernalia.
1121 2755 1323 2801 Quantum
1345 2756 1476 2800 itaque
1495 2756 1616 2791 homo
1642 2756 1745 2802 fugit

256 2804 329 2843 illa,
357 2810 511 2838 tantum
533 2805 652 2839 intrat
671 2816 784 2839 amor
797 2805 878 2839 veri
898 2811 938 2838 et
952 2803 1044 2838 boni
1064 2814 1087 2837 a
1106 2802 1298 2842 Domino:
1325 2810 1364 2837 et
1383 2803 1446 2837 hic
1460 2814 1571 2837 amor
1589 2803 1681 2838 facit
1699 2810 1745 2837 ut

254 2851 376 2885 homo
403 2850 526 2896 fugiat
552 2858 591 2885 et
617 2853 779 2886 tandem
806 2859 1009 2886 aversetur
1034 2851 1137 2884 mala
1163 2851 1227 2884 illa
1253 2851 1354 2884 sicut
1382 2857 1562 2895 peccata:
1588 2857 1628 2884 et
1653 2850 1745 2895 quia

253 2908 365 2933 amor
382 2898 463 2932 veri
482 2905 522 2932 et
541 2898 634 2933 boni
650 2898 761 2944 fugat
781 2899 846 2933 illa
865 2898 975 2938 mala,
995 2897 1173 2943 sequitur
1191 2897 1297 2942 quod
1318 2897 1439 2932 homo
1458 2908 1536 2932 non
1564 2908 1588 2932 a
1612 2908 1653 2932 se
1674 2896 1742 2931 sed
