<?xml version="1.0" encoding="UTF-8"?>
<!DOCTYPE html PUBLIC "-//W3C//DTD XHTML 1.0 Transitional//EN"
    "http://www.w3.org/TR/xhtml1/DTD/xhtml1-transitional.dtd">
<html xmlns="http://www.w3.org/1999/xhtml" xml:lang="en" lang="en">
 <head>
  <title>
</title>
<meta http-equiv="Content-Type" content="text/html;charset=utf-8" />
  <meta name='ocr-system' content='tesseract 3.04.00' />
  <meta name='ocr-capabilities' content='ocr_page ocr_carea ocr_par ocr_line ocrx_word'/>
</head>
<body>
  <div class='ocr_page' id='page_1' title='image "apocalypsisexpli05sweduoft_0012.png"; bbox 0 0 1962 3328; ppageno 0'>
   <div class='ocr_carea' id='block_1_1' title="bbox 222 263 1298 313">
    <p class='ocr_par' dir='ltr' id='par_1_1' title="bbox 222 263 1298 313">
     <span class='ocr_line' id='line_1_1' title="bbox 222 263 1298 313; baseline 0.001 -11"><span class='ocrx_word' id='word_1_1' title='bbox 222 263 335 313; x_wconf 82' lang='lat'>2484</span> <span class='ocrx_word' id='word_1_2' title='bbox 635 270 968 303; x_wconf 70' lang='lat' dir='ltr'>APOCALYPSIS</span> <span class='ocrx_word' id='word_1_3' title='bbox 999 271 1298 304; x_wconf 85' lang='lat' dir='ltr'>EXPLICATA.</span> 
     </span>
    </p>
   </div>
   <div class='ocr_carea' id='block_1_2' title="bbox 220 376 1710 875">
    <p class='ocr_par' dir='ltr' id='par_1_2' title="bbox 220 376 1710 875">
     <span class='ocr_line' id='line_1_2' title="bbox 220 376 1705 436; baseline 0.001 -13"><span class='ocrx_word' id='word_1_4' title='bbox 220 382 339 434; x_wconf 81' lang='lat' dir='ltr'>lum3</span> <span class='ocrx_word' id='word_1_5' title='bbox 383 383 462 423; x_wconf 91' lang='lat' dir='ltr'>sed</span> <span class='ocrx_word' id='word_1_6' title='bbox 500 397 636 436; x_wconf 88' lang='lat' dir='ltr'>usque</span> <span class='ocrx_word' id='word_1_7' title='bbox 675 397 763 424; x_wconf 89' lang='lat' dir='ltr'>non</span> <span class='ocrx_word' id='word_1_8' title='bbox 802 383 951 436; x_wconf 78' lang='lat' dir='ltr'>angeli</span> <span class='ocrx_word' id='word_1_9' title='bbox 988 390 1091 424; x_wconf 87' lang='lat' dir='ltr'>sunt</span> <span class='ocrx_word' id='word_1_10' title='bbox 1123 383 1311 432; x_wconf 90' lang='lat' dir='ltr'>caelum,</span> <span class='ocrx_word' id='word_1_11' title='bbox 1347 376 1425 424; x_wconf 89' lang='lat' dir='ltr'>sed</span> <span class='ocrx_word' id='word_1_12' title='bbox 1459 383 1705 434; x_wconf 90' lang='lat' dir='ltr'>Dominus;</span> 
     </span>
     <span class='ocr_line' id='line_1_3' title="bbox 220 445 1705 499; baseline -0.001 -13"><span class='ocrx_word' id='word_1_13' title='bbox 220 453 290 486; x_wconf 91' lang='lat' dir='ltr'>est</span> <span class='ocrx_word' id='word_1_14' title='bbox 313 447 429 486; x_wconf 91' lang='lat' dir='ltr'>enim</span> <span class='ocrx_word' id='word_1_15' title='bbox 454 446 663 486; x_wconf 89' lang='lat' dir='ltr'>Divinum</span> <span class='ocrx_word' id='word_1_16' title='bbox 684 447 931 498; x_wconf 82' lang='lat' dir='ltr'><strong>procedens</strong></span> <span class='ocrx_word' id='word_1_17' title='bbox 954 461 980 486; x_wconf 91' lang='lat' dir='ltr'>a</span> <span class='ocrx_word' id='word_1_18' title='bbox 1004 447 1212 494; x_wconf 91' lang='lat' dir='ltr'>Domino,</span> <span class='ocrx_word' id='word_1_19' title='bbox 1233 446 1352 499; x_wconf 90' lang='lat' dir='ltr'>quod</span> <span class='ocrx_word' id='word_1_20' title='bbox 1371 453 1558 487; x_wconf 88' lang='lat' dir='ltr'>vocatur</span> <span class='ocrx_word' id='word_1_21' title='bbox 1582 445 1705 486; x_wconf 91' lang='lat' dir='ltr'>Divi-</span> 
     </span>
     <span class='ocr_line' id='line_1_4' title="bbox 221 508 1709 562; baseline -0.001 -14"><span class='ocrx_word' id='word_1_22' title='bbox 221 521 328 548; x_wconf 88' lang='lat' dir='ltr'>num</span> <span class='ocrx_word' id='word_1_23' title='bbox 352 508 526 549; x_wconf 89' lang='lat' dir='ltr'>Bonum</span> <span class='ocrx_word' id='word_1_24' title='bbox 549 515 594 549; x_wconf 90' lang='lat' dir='ltr'>et</span> <span class='ocrx_word' id='word_1_25' title='bbox 619 509 828 549; x_wconf 89' lang='lat' dir='ltr'>Divinum</span> <span class='ocrx_word' id='word_1_26' title='bbox 853 509 1037 557; x_wconf 80' lang='lat' dir='ltr'>Verum,</span> <span class='ocrx_word' id='word_1_27' title='bbox 1062 523 1119 549; x_wconf 87' lang='lat' dir='ltr'>ex</span> <span class='ocrx_word' id='word_1_28' title='bbox 1143 509 1300 562; x_wconf 89' lang='lat' dir='ltr'>quibus</span> <span class='ocrx_word' id='word_1_29' title='bbox 1323 515 1392 549; x_wconf 90' lang='lat' dir='ltr'>est</span> <span class='ocrx_word' id='word_1_30' title='bbox 1416 509 1560 548; x_wconf 89' lang='lat' dir='ltr'>omnis</span> <span class='ocrx_word' id='word_1_31' title='bbox 1583 521 1709 548; x_wconf 86' lang='lat' dir='ltr'>amor</span> 
     </span>
     <span class='ocr_line' id='line_1_5' title="bbox 222 571 1710 624; baseline -0.001 -13"><span class='ocrx_word' id='word_1_32' title='bbox 222 579 270 612; x_wconf 87' lang='lat' dir='ltr'>et</span> <span class='ocrx_word' id='word_1_33' title='bbox 312 573 457 612; x_wconf 90' lang='lat' dir='ltr'>omnis</span> <span class='ocrx_word' id='word_1_34' title='bbox 498 572 720 624; x_wconf 82' lang='lat' dir='ltr'>sapientia</span> <span class='ocrx_word' id='word_1_35' title='bbox 760 572 932 624; x_wconf 78' lang='lat' dir='ltr'>angelis</span> <span class='ocrx_word' id='word_1_36' title='bbox 955 586 963 622; x_wconf 90' lang='lat'>;</span> <span class='ocrx_word' id='word_1_37' title='bbox 1010 586 1068 612; x_wconf 86' lang='lat' dir='ltr'>ex</span> <span class='ocrx_word' id='word_1_38' title='bbox 1111 586 1261 612; x_wconf 84' lang='lat' dir='ltr'>amore</span> <span class='ocrx_word' id='word_1_39' title='bbox 1303 578 1348 612; x_wconf 91' lang='lat' dir='ltr'>et</span> <span class='ocrx_word' id='word_1_40' title='bbox 1390 586 1448 611; x_wconf 86' lang='lat' dir='ltr'>ex</span> <span class='ocrx_word' id='word_1_41' title='bbox 1491 571 1710 623; x_wconf 90' lang='lat' dir='ltr'>sapientia</span> 
     </span>
     <span class='ocr_line' id='line_1_6' title="bbox 221 634 1707 687; baseline -0.001 -13"><span class='ocrx_word' id='word_1_42' title='bbox 221 635 371 687; x_wconf 84' lang='lat' dir='ltr'>angeli</span> <span class='ocrx_word' id='word_1_43' title='bbox 389 641 492 675; x_wconf 90' lang='lat' dir='ltr'>sunt</span> <span class='ocrx_word' id='word_1_44' title='bbox 511 634 674 687; x_wconf 82' lang='lat' dir='ltr'>angeli,</span> <span class='ocrx_word' id='word_1_45' title='bbox 695 648 745 674; x_wconf 91' lang='lat' dir='ltr'>ac</span> <span class='ocrx_word' id='word_1_46' title='bbox 765 648 890 674; x_wconf 89' lang='lat' dir='ltr'>amor</span> <span class='ocrx_word' id='word_1_47' title='bbox 908 641 953 675; x_wconf 94' lang='lat' dir='ltr'>et</span> <span class='ocrx_word' id='word_1_48' title='bbox 973 635 1193 687; x_wconf 82' lang='lat' dir='ltr'>sapientia</span> <span class='ocrx_word' id='word_1_49' title='bbox 1213 641 1316 674; x_wconf 90' lang='lat' dir='ltr'>sunt</span> <span class='ocrx_word' id='word_1_50' title='bbox 1338 634 1424 674; x_wconf 93' lang='lat' dir='ltr'>illis</span> <span class='ocrx_word' id='word_1_51' title='bbox 1442 648 1466 674; x_wconf 90' lang='lat' dir='ltr'>a</span> <span class='ocrx_word' id='word_1_52' title='bbox 1485 634 1681 673; x_wconf 92' lang='lat' dir='ltr'>Domino</span> <span class='ocrx_word' id='word_1_53' title='bbox 1699 647 1707 683; x_wconf 88' lang='lat'>;</span> 
     </span>
     <span class='ocr_line' id='line_1_7' title="bbox 221 696 1708 751; baseline -0.001 -13"><span class='ocrx_word' id='word_1_54' title='bbox 221 705 267 738; x_wconf 91' lang='lat' dir='ltr'>et</span> <span class='ocrx_word' id='word_1_55' title='bbox 294 698 395 751; x_wconf 89' lang='lat' dir='ltr'>quia</span> <span class='ocrx_word' id='word_1_56' title='bbox 421 703 525 737; x_wconf 90' lang='lat' dir='ltr'>sunt</span> <span class='ocrx_word' id='word_1_57' title='bbox 557 711 582 736; x_wconf 89' lang='lat' dir='ltr'>a</span> <span class='ocrx_word' id='word_1_58' title='bbox 615 697 824 744; x_wconf 87' lang='lat' dir='ltr'>Domino,</span> <span class='ocrx_word' id='word_1_59' title='bbox 854 704 957 737; x_wconf 90' lang='lat' dir='ltr'>sunt</span> <span class='ocrx_word' id='word_1_60' title='bbox 985 697 1178 746; x_wconf 86' lang='lat' dir='ltr'>Domini,</span> <span class='ocrx_word' id='word_1_61' title='bbox 1208 696 1394 750; x_wconf 87' lang='lat' dir='ltr'>proinde</span> <span class='ocrx_word' id='word_1_62' title='bbox 1421 702 1525 736; x_wconf 86' lang='lat' dir='ltr'>sunt</span> <span class='ocrx_word' id='word_1_63' title='bbox 1554 696 1708 736; x_wconf 91' lang='lat' dir='ltr'>Domi-</span> 
     </span>
     <span class='ocr_line' id='line_1_8' title="bbox 221 758 1709 812; baseline -0.001 -12"><span class='ocrx_word' id='word_1_64' title='bbox 221 774 305 800; x_wconf 92' lang='lat' dir='ltr'>nus</span> <span class='ocrx_word' id='word_1_65' title='bbox 337 760 455 812; x_wconf 88' lang='lat' dir='ltr'>apud</span> <span class='ocrx_word' id='word_1_66' title='bbox 487 759 614 810; x_wconf 91' lang='lat' dir='ltr'>illos;</span> <span class='ocrx_word' id='word_1_67' title='bbox 652 759 770 812; x_wconf 91' lang='lat' dir='ltr'>quod</span> <span class='ocrx_word' id='word_1_68' title='bbox 804 760 941 799; x_wconf 91' lang='lat' dir='ltr'>etiam</span> <span class='ocrx_word' id='word_1_69' title='bbox 967 765 1147 800; x_wconf 90' lang='lat' dir='ltr'>constat</span> <span class='ocrx_word' id='word_1_70' title='bbox 1180 773 1238 799; x_wconf 86' lang='lat' dir='ltr'>ex</span> <span class='ocrx_word' id='word_1_71' title='bbox 1272 759 1454 799; x_wconf 83' lang='lat' dir='ltr'>Domini</span> <span class='ocrx_word' id='word_1_72' title='bbox 1480 759 1627 799; x_wconf 89' lang='lat' dir='ltr'>verbis</span> <span class='ocrx_word' id='word_1_73' title='bbox 1652 758 1709 799; x_wconf 91' lang='lat' dir='ltr'>ad</span> 
     </span>
     <span class='ocr_line' id='line_1_9' title="bbox 221 823 1185 875; baseline 0 -13"><span class='ocrx_word' id='word_1_74' title='bbox 221 823 479 875; x_wconf 84' lang='lat' dir='ltr'>discipulos,</span> <span class='ocrx_word' id='word_1_75' title='bbox 1182 835 1185 839; x_wconf 88' lang='grc'><strong><em>’</em></strong></span> 
     </span>
    </p>
   </div>
   <div class='ocr_carea' id='block_1_3' title="bbox 298 919 1714 1003">
    <p class='ocr_par' dir='ltr' id='par_1_3' title="bbox 298 919 1714 1003">
     <span class='ocr_line' id='line_1_10' title="bbox 298 919 1714 961; baseline 0 -10"><span class='ocrx_word' id='word_1_76' title='bbox 298 920 401 961; x_wconf 71' lang='lat' dir='ltr'>Quod</span> <span class='ocrx_word' id='word_1_77' title='bbox 423 920 471 951; x_wconf 91' lang='lat' dir='ltr'>illi</span> <span class='ocrx_word' id='word_1_78' title='bbox 493 921 528 951; x_wconf 91' lang='lat' dir='ltr'>in</span> <span class='ocrx_word' id='word_1_79' title='bbox 551 920 707 951; x_wconf 89' lang='lat' dir='ltr'>Domino</span> <span class='ocrx_word' id='word_1_80' title='bbox 725 921 806 957; x_wconf 81' lang='lat' dir='ltr'>sint,</span> <span class='ocrx_word' id='word_1_81' title='bbox 827 926 861 951; x_wconf 91' lang='lat' dir='ltr'>et</span> <span class='ocrx_word' id='word_1_82' title='bbox 883 919 964 960; x_wconf 88' lang='lat' dir='ltr'>Ipse</span> <span class='ocrx_word' id='word_1_83' title='bbox 985 920 1020 951; x_wconf 90' lang='lat' dir='ltr'>in</span> <span class='ocrx_word' id='word_1_84' title='bbox 1042 920 1111 951; x_wconf 88' lang='lat' dir='ltr'>illis</span> <span class='ocrx_word' id='word_1_85' title='bbox 1132 919 1229 961; x_wconf 78' lang='lat' dir='ltr'><em>(Joh.</em></span> <span class='ocrx_word' id='word_1_86' title='bbox 1250 920 1319 951; x_wconf 87' lang='lat' dir='ltr'>xiv.</span> <span class='ocrx_word' id='word_1_87' title='bbox 1341 920 1415 958; x_wconf 87' lang='lat' dir='ltr'>2o):</span> <span class='ocrx_word' id='word_1_88' title='bbox 1443 926 1479 952; x_wconf 86' lang='lat' dir='ltr'>et</span> <span class='ocrx_word' id='word_1_89' title='bbox 1498 920 1592 961; x_wconf 91' lang='lat' dir='ltr'>quod</span> <span class='ocrx_word' id='word_1_90' title='bbox 1613 928 1714 951; x_wconf 84' lang='lat' dir='ltr'>man-</span> 
     </span>
     <span class='ocr_line' id='line_1_11' title="bbox 397 963 1448 1003; baseline 0 -9"><span class='ocrx_word' id='word_1_91' title='bbox 397 965 535 995; x_wconf 87' lang='lat' dir='ltr'>sionem</span> <span class='ocrx_word' id='word_1_92' title='bbox 553 965 681 995; x_wconf 87' lang='lat' dir='ltr'>habeat</span> <span class='ocrx_word' id='word_1_93' title='bbox 699 965 733 994; x_wconf 90' lang='lat' dir='ltr'>in</span> <span class='ocrx_word' id='word_1_94' title='bbox 753 964 870 995; x_wconf 87' lang='lat' dir='ltr'>Verbo</span> <span class='ocrx_word' id='word_1_95' title='bbox 887 974 908 994; x_wconf 87' lang='lat' dir='ltr'>a</span> <span class='ocrx_word' id='word_1_96' title='bbox 925 964 969 995; x_wconf 86' lang='lat' dir='ltr'>Se</span> <span class='ocrx_word' id='word_1_97' title='bbox 986 964 1080 1003; x_wconf 90' lang='lat' dir='ltr'>apud</span> <span class='ocrx_word' id='word_1_98' title='bbox 1097 963 1177 995; x_wconf 84' lang='lat' dir='ltr'>illos</span> <span class='ocrx_word' id='word_1_99' title='bbox 1195 963 1300 1002; x_wconf 88' lang='lat' dir='ltr'>(vers.</span> <span class='ocrx_word' id='word_1_100' title='bbox 1317 964 1448 1003; x_wconf 82' lang='lat'><strong>22-24).</strong></span> 
     </span>
    </p>
   </div>
   <div class='ocr_carea' id='block_1_4' title="bbox 222 1058 1712 1176">
    <p class='ocr_par' dir='ltr' id='par_1_4' title="bbox 222 1058 1712 1176">
     <span class='ocr_line' id='line_1_12' title="bbox 224 1058 1712 1113; baseline -0.002 -12"><span class='ocrx_word' id='word_1_101' title='bbox 224 1060 338 1101; x_wconf 90' lang='lat' dir='ltr'>Cum</span> <span class='ocrx_word' id='word_1_102' title='bbox 370 1061 519 1113; x_wconf 87' lang='lat' dir='ltr'>itaque</span> <span class='ocrx_word' id='word_1_103' title='bbox 552 1060 726 1100; x_wconf 90' lang='lat' dir='ltr'>caelum</span> <span class='ocrx_word' id='word_1_104' title='bbox 758 1066 826 1100; x_wconf 92' lang='lat' dir='ltr'>est</span> <span class='ocrx_word' id='word_1_105' title='bbox 859 1073 917 1100; x_wconf 81' lang='lat' dir='ltr'>ex</span> <span class='ocrx_word' id='word_1_106' title='bbox 950 1059 1137 1112; x_wconf 83' lang='lat' dir='ltr'>angelis,</span> <span class='ocrx_word' id='word_1_107' title='bbox 1166 1065 1212 1099; x_wconf 89' lang='lat' dir='ltr'>et</span> <span class='ocrx_word' id='word_1_108' title='bbox 1245 1058 1396 1112; x_wconf 88' lang='lat' dir='ltr'>angeli</span> <span class='ocrx_word' id='word_1_109' title='bbox 1427 1065 1531 1100; x_wconf 91' lang='lat' dir='ltr'>sunt</span> <span class='ocrx_word' id='word_1_110' title='bbox 1563 1058 1712 1112; x_wconf 86' lang='lat' dir='ltr'>angeli</span> 
     </span>
     <span class='ocr_line' id='line_1_13' title="bbox 222 1122 1431 1176; baseline 0 -14"><span class='ocrx_word' id='word_1_111' title='bbox 222 1137 249 1163; x_wconf 87' lang='lat' dir='ltr'>a</span> <span class='ocrx_word' id='word_1_112' title='bbox 276 1123 486 1171; x_wconf 89' lang='lat' dir='ltr'>Domino,</span> <span class='ocrx_word' id='word_1_113' title='bbox 515 1123 713 1176; x_wconf 88' lang='lat' dir='ltr'>sequitur</span> <span class='ocrx_word' id='word_1_114' title='bbox 739 1123 859 1176; x_wconf 92' lang='lat' dir='ltr'>quod</span> <span class='ocrx_word' id='word_1_115' title='bbox 885 1122 1059 1163; x_wconf 88' lang='lat' dir='ltr'>caelum</span> <span class='ocrx_word' id='word_1_116' title='bbox 1084 1123 1141 1162; x_wconf 89' lang='lat' dir='ltr'>sit</span> <span class='ocrx_word' id='word_1_117' title='bbox 1169 1122 1402 1162; x_wconf 89' lang='lat' dir='ltr'>Dominus.</span> <span class='ocrx_word' id='word_1_118' title='bbox 1428 1152 1431 1154; x_wconf 86' lang='lat'><em>-</em></span> 
     </span>
    </p>
   </div>
   <div class='ocr_carea' id='block_1_5' title="bbox 223 1191 1716 1810">
    <p class='ocr_par' dir='ltr' id='par_1_5' title="bbox 223 1191 1716 1810">
     <span class='ocr_line' id='line_1_14' title="bbox 303 1191 1715 1247; baseline -0.002 -13"><span class='ocrx_word' id='word_1_119' title='bbox 303 1203 429 1247; x_wconf 81' lang='lat'><strong>927.</strong></span> <span class='ocrx_word' id='word_1_120' title='bbox 468 1193 681 1246; x_wconf 74' lang='lat' dir='ltr'>“Maynum</span> <span class='ocrx_word' id='word_1_121' title='bbox 705 1197 750 1233; x_wconf 71' lang='lat' dir='ltr'>et</span> <span class='ocrx_word' id='word_1_122' title='bbox 769 1192 1185 1245; x_wconf 50' lang='lat' dir='ltr'>mit-abilefl—-Quod</span> <span class='ocrx_word' id='word_1_123' title='bbox 1212 1192 1439 1244; x_wconf 85' lang='lat' dir='ltr'>significet</span> <span class='ocrx_word' id='word_1_124' title='bbox 1464 1206 1521 1232; x_wconf 81' lang='lat' dir='ltr'>ex</span> <span class='ocrx_word' id='word_1_125' title='bbox 1538 1191 1715 1232; x_wconf 80' lang='lat' dir='ltr'>Divina</span> 
     </span>
     <span class='ocr_line' id='line_1_15' title="bbox 223 1253 1713 1307; baseline -0.001 -13"><span class='ocrx_word' id='word_1_126' title='bbox 223 1255 534 1306; x_wconf 78' lang='lat' dir='ltr'>omnipotentia</span> <span class='ocrx_word' id='word_1_127' title='bbox 551 1261 592 1294; x_wconf 78' lang='lat' dir='ltr'>et</span> <span class='ocrx_word' id='word_1_128' title='bbox 606 1255 904 1307; x_wconf 80' lang='lat' dir='ltr'>providentia,</span> <span class='ocrx_word' id='word_1_129' title='bbox 926 1260 1106 1295; x_wconf 90' lang='lat' dir='ltr'>constat</span> <span class='ocrx_word' id='word_1_130' title='bbox 1125 1268 1182 1294; x_wconf 87' lang='lat' dir='ltr'>ex</span> <span class='ocrx_word' id='word_1_131' title='bbox 1201 1253 1529 1307; x_wconf 85' lang='lat' dir='ltr'>significatione</span> <span class='ocrx_word' id='word_1_132' title='bbox 1547 1257 1572 1273; x_wconf 88' lang='lat'><em>“</em></span> <span class='ocrx_word' id='word_1_133' title='bbox 1586 1266 1713 1305; x_wconf 86' lang='lat' dir='ltr'>mag-</span> 
     </span>
     <span class='ocr_line' id='line_1_16' title="bbox 225 1317 1712 1370; baseline -0.001 -13"><span class='ocrx_word' id='word_1_134' title='bbox 225 1318 307 1366; x_wconf 87' lang='lat' dir='ltr'>ni,”</span> <span class='ocrx_word' id='word_1_135' title='bbox 330 1331 430 1357; x_wconf 92' lang='lat' dir='ltr'>cum</span> <span class='ocrx_word' id='word_1_136' title='bbox 454 1318 509 1357; x_wconf 87' lang='lat' dir='ltr'>de</span> <span class='ocrx_word' id='word_1_137' title='bbox 537 1317 747 1363; x_wconf 90' lang='lat' dir='ltr'>Domino,</span> <span class='ocrx_word' id='word_1_138' title='bbox 774 1318 892 1370; x_wconf 88' lang='lat' dir='ltr'>quod</span> <span class='ocrx_word' id='word_1_139' title='bbox 920 1318 976 1357; x_wconf 93' lang='lat' dir='ltr'>sit</span> <span class='ocrx_word' id='word_1_140' title='bbox 1003 1317 1168 1356; x_wconf 89' lang='lat' dir='ltr'>Divina</span> <span class='ocrx_word' id='word_1_141' title='bbox 1192 1317 1333 1369; x_wconf 88' lang='lat' dir='ltr'>Ipsius</span> <span class='ocrx_word' id='word_1_142' title='bbox 1356 1317 1712 1369; x_wconf 88' lang='lat' dir='ltr'>omnipotentia;</span> 
     </span>
     <span class='ocr_line' id='line_1_17' title="bbox 224 1379 1714 1433; baseline -0.001 -13"><span class='ocrx_word' id='word_1_143' title='bbox 224 1388 271 1421; x_wconf 87' lang='lat' dir='ltr'>et</span> <span class='ocrx_word' id='word_1_144' title='bbox 297 1395 356 1420; x_wconf 86' lang='lat' dir='ltr'>ex</span> <span class='ocrx_word' id='word_1_145' title='bbox 383 1380 709 1433; x_wconf 83' lang='lat' dir='ltr'>significatione</span> <span class='ocrx_word' id='word_1_146' title='bbox 739 1379 1030 1427; x_wconf 89' lang='lat' dir='ltr'>“mirabilis‚’&#39;</span> <span class='ocrx_word' id='word_1_147' title='bbox 1057 1393 1156 1419; x_wconf 90' lang='lat' dir='ltr'>cum</span> <span class='ocrx_word' id='word_1_148' title='bbox 1183 1380 1238 1420; x_wconf 91' lang='lat' dir='ltr'>de</span> <span class='ocrx_word' id='word_1_149' title='bbox 1272 1380 1481 1427; x_wconf 91' lang='lat' dir='ltr'>Domino,</span> <span class='ocrx_word' id='word_1_150' title='bbox 1510 1379 1629 1432; x_wconf 88' lang='lat' dir='ltr'>quod</span> <span class='ocrx_word' id='word_1_151' title='bbox 1656 1379 1714 1419; x_wconf 85' lang='lat' dir='ltr'>sit</span> 
     </span>
     <span class='ocr_line' id='line_1_18' title="bbox 225 1440 1713 1496; baseline -0.001 -12"><span class='ocrx_word' id='word_1_152' title='bbox 225 1444 388 1484; x_wconf 86' lang='lat' dir='ltr'>Divina</span> <span class='ocrx_word' id='word_1_153' title='bbox 415 1444 557 1496; x_wconf 86' lang='lat' dir='ltr'>Ipsius</span> <span class='ocrx_word' id='word_1_154' title='bbox 584 1443 897 1496; x_wconf 89' lang='lat' dir='ltr'>providentia:</span> <span class='ocrx_word' id='word_1_155' title='bbox 937 1443 1073 1483; x_wconf 90' lang='lat' dir='ltr'>homo</span> <span class='ocrx_word' id='word_1_156' title='bbox 1105 1444 1222 1482; x_wconf 89' lang='lat' dir='ltr'>enim</span> <span class='ocrx_word' id='word_1_157' title='bbox 1255 1456 1356 1483; x_wconf 90' lang='lat' dir='ltr'>cum</span> <span class='ocrx_word' id='word_1_158' title='bbox 1382 1440 1560 1495; x_wconf 63' lang='lat' dir='ltr'>spectat</span> <span class='ocrx_word' id='word_1_159' title='bbox 1586 1455 1713 1494; x_wconf 87' lang='lat' dir='ltr'>mag-</span> 
     </span>
     <span class='ocr_line' id='line_1_19' title="bbox 225 1504 1712 1558; baseline -0.001 -12"><span class='ocrx_word' id='word_1_160' title='bbox 225 1520 332 1547; x_wconf 89' lang='lat' dir='ltr'>num</span> <span class='ocrx_word' id='word_1_161' title='bbox 364 1508 407 1546; x_wconf 84' lang='lat' dir='ltr'>in</span> <span class='ocrx_word' id='word_1_162' title='bbox 440 1507 650 1554; x_wconf 90' lang='lat' dir='ltr'>Domino,</span> <span class='ocrx_word' id='word_1_163' title='bbox 680 1504 856 1558; x_wconf 62' lang='lat' dir='ltr'>spectat</span> <span class='ocrx_word' id='word_1_164' title='bbox 890 1506 1098 1546; x_wconf 91' lang='lat' dir='ltr'>Divinam</span> <span class='ocrx_word' id='word_1_165' title='bbox 1133 1506 1275 1558; x_wconf 86' lang='lat' dir='ltr'>Ipsius</span> <span class='ocrx_word' id='word_1_166' title='bbox 1307 1506 1712 1558; x_wconf 85' lang='lat' dir='ltr'>omnipotentiam;</span> 
     </span>
     <span class='ocr_line' id='line_1_20' title="bbox 225 1566 1716 1622; baseline -0.001 -13"><span class='ocrx_word' id='word_1_167' title='bbox 225 1576 271 1609; x_wconf 92' lang='lat' dir='ltr'>et</span> <span class='ocrx_word' id='word_1_168' title='bbox 294 1583 393 1610; x_wconf 90' lang='lat' dir='ltr'>cum</span> <span class='ocrx_word' id='word_1_169' title='bbox 417 1568 592 1622; x_wconf 56' lang='lat' dir='ltr'>speetat</span> <span class='ocrx_word' id='word_1_170' title='bbox 615 1569 815 1609; x_wconf 87' lang='lat' dir='ltr'>mirabile</span> <span class='ocrx_word' id='word_1_171' title='bbox 839 1569 881 1608; x_wconf 91' lang='lat' dir='ltr'>in</span> <span class='ocrx_word' id='word_1_172' title='bbox 906 1568 1116 1616; x_wconf 89' lang='lat' dir='ltr'>Domino,</span> <span class='ocrx_word' id='word_1_173' title='bbox 1137 1566 1314 1620; x_wconf 60' lang='lat' dir='ltr'>spectat</span> <span class='ocrx_word' id='word_1_174' title='bbox 1338 1568 1548 1608; x_wconf 88' lang='lat' dir='ltr'>Divinam</span> <span class='ocrx_word' id='word_1_175' title='bbox 1572 1567 1716 1619; x_wconf 88' lang='lat' dir='ltr'>Ipsius</span> 
     </span>
     <span class='ocr_line' id='line_1_21' title="bbox 225 1631 1715 1685; baseline -0.001 -13"><span class='ocrx_word' id='word_1_176' title='bbox 225 1633 585 1685; x_wconf 86' lang='lat' dir='ltr'>providentiam:</span> <span class='ocrx_word' id='word_1_177' title='bbox 633 1633 769 1672; x_wconf 88' lang='lat' dir='ltr'>etiam</span> <span class='ocrx_word' id='word_1_178' title='bbox 812 1632 888 1671; x_wconf 89' lang='lat' dir='ltr'>illa</span> <span class='ocrx_word' id='word_1_179' title='bbox 928 1645 1041 1684; x_wconf 91' lang='lat' dir='ltr'>quae</span> <span class='ocrx_word' id='word_1_180' title='bbox 1083 1638 1327 1684; x_wconf 90' lang='lat' dir='ltr'>sequuntur</span> <span class='ocrx_word' id='word_1_181' title='bbox 1368 1631 1423 1671; x_wconf 92' lang='lat' dir='ltr'>de</span> <span class='ocrx_word' id='word_1_182' title='bbox 1465 1631 1715 1671; x_wconf 89' lang='lat' dir='ltr'>salvatione</span> 
     </span>
     <span class='ocr_line' id='line_1_22' title="bbox 225 1693 1715 1742; baseline -0.001 -7"><span class='ocrx_word' id='word_1_183' title='bbox 225 1696 445 1735; x_wconf 88' lang='lat' dir='ltr'>bonorum</span> <span class='ocrx_word' id='word_1_184' title='bbox 472 1702 517 1735; x_wconf 92' lang='lat' dir='ltr'>et</span> <span class='ocrx_word' id='word_1_185' title='bbox 544 1695 599 1735; x_wconf 90' lang='lat' dir='ltr'>de</span> <span class='ocrx_word' id='word_1_186' title='bbox 623 1695 1002 1736; x_wconf 85' lang='lat' dir='ltr'>condemnatione</span> <span class='ocrx_word' id='word_1_187' title='bbox 1025 1694 1259 1742; x_wconf 87' lang='lat' dir='ltr'>malorum,</span> <span class='ocrx_word' id='word_1_188' title='bbox 1284 1695 1434 1734; x_wconf 90' lang='lat' dir='ltr'>omnia</span> <span class='ocrx_word' id='word_1_189' title='bbox 1459 1700 1563 1734; x_wconf 90' lang='lat' dir='ltr'>sunt</span> <span class='ocrx_word' id='word_1_190' title='bbox 1591 1693 1715 1733; x_wconf 91' lang='lat' dir='ltr'>Divi-</span> 
     </span>
     <span class='ocr_line' id='line_1_23' title="bbox 227 1758 1115 1810; baseline -0.001 -12"><span class='ocrx_word' id='word_1_191' title='bbox 227 1771 310 1798; x_wconf 84' lang='lat' dir='ltr'>nae</span> <span class='ocrx_word' id='word_1_192' title='bbox 338 1759 694 1810; x_wconf 84' lang='lat' dir='ltr'>omnipotentiae</span> <span class='ocrx_word' id='word_1_193' title='bbox 720 1764 766 1798; x_wconf 90' lang='lat' dir='ltr'>et</span> <span class='ocrx_word' id='word_1_194' title='bbox 794 1758 1115 1810; x_wconf 84' lang='lat' dir='ltr'>providentiae.</span> 
     </span>
    </p>
   </div>
   <div class='ocr_carea' id='block_1_6' title="bbox 227 1823 1725 2491">
    <p class='ocr_par' dir='ltr' id='par_1_6' title="bbox 227 1823 1725 2491">
     <span class='ocr_line' id='line_1_24' title="bbox 307 1823 1719 1878; baseline -0.002 -12"><span class='ocrx_word' id='word_1_195' title='bbox 307 1826 438 1878; x_wconf 85' lang='lat'><strong>928.</strong></span> <span class='ocrx_word' id='word_1_196' title='bbox 477 1826 677 1878; x_wconf 74' lang='lat' dir='ltr'>“Anyelos</span> <span class='ocrx_word' id='word_1_197' title='bbox 705 1829 858 1878; x_wconf 74' lang='lat' dir='ltr'>septem</span> <span class='ocrx_word' id='word_1_198' title='bbox 888 1825 1084 1865; x_wconf 77' lang='lat' dir='ltr'>habentes</span> <span class='ocrx_word' id='word_1_199' title='bbox 1102 1825 1250 1878; x_wconf 71' lang='lat' dir='ltr'>playa-s·</span> <span class='ocrx_word' id='word_1_200' title='bbox 1278 1827 1432 1877; x_wconf 69' lang='lat' dir='ltr'>sepiem</span> <span class='ocrx_word' id='word_1_201' title='bbox 1461 1823 1719 1865; x_wconf 76' lang='lat' dir='ltr'>ultimas.&#39;&#39;—</span> 
     </span>
     <span class='ocr_line' id='line_1_25' title="bbox 229 1886 1718 1940; baseline -0.001 -13"><span class='ocrx_word' id='word_1_202' title='bbox 229 1886 363 1939; x_wconf 76' lang='lat' dir='ltr'>Quod</span> <span class='ocrx_word' id='word_1_203' title='bbox 388 1887 609 1940; x_wconf 86' lang='lat' dir='ltr'>significet</span> <span class='ocrx_word' id='word_1_204' title='bbox 635 1902 663 1928; x_wconf 87' lang='lat' dir='ltr'>a</span> <span class='ocrx_word' id='word_1_205' title='bbox 686 1887 871 1927; x_wconf 78' lang='lat' dir='ltr'>Domino</span> <span class='ocrx_word' id='word_1_206' title='bbox 891 1894 976 1939; x_wconf 78' lang='lat' dir='ltr'>per</span> <span class='ocrx_word' id='word_1_207' title='bbox 999 1887 1212 1927; x_wconf 81' lang='lat' dir='ltr'>Divinum</span> <span class='ocrx_word' id='word_1_208' title='bbox 1249 1886 1406 1927; x_wconf 82' lang='lat' dir='ltr'>Verum</span> <span class='ocrx_word' id='word_1_209' title='bbox 1429 1886 1718 1938; x_wconf 82' lang='lat' dir='ltr'>manifestata</span> 
     </span>
     <span class='ocr_line' id='line_1_26' title="bbox 229 1949 1725 2002; baseline -0.001 -12"><span class='ocrx_word' id='word_1_210' title='bbox 229 1950 349 1990; x_wconf 77' lang='lat' dir='ltr'>mala</span> <span class='ocrx_word' id='word_1_211' title='bbox 380 1957 421 1990; x_wconf 82' lang='lat' dir='ltr'>et</span> <span class='ocrx_word' id='word_1_212' title='bbox 438 1951 572 2002; x_wconf 78' lang='lat' dir='ltr'>falsa</span> <span class='ocrx_word' id='word_1_213' title='bbox 603 1951 647 1990; x_wconf 80' lang='lat' dir='ltr'>z&#39;n</span> <span class='ocrx_word' id='word_1_214' title='bbox 678 1950 798 1990; x_wconf 82' lang='lat' dir='ltr'>omm&#39;</span> <span class='ocrx_word' id='word_1_215' title='bbox 818 1950 1055 2002; x_wconf 74' lang='lat' dir='ltr'>complexu,</span> <span class='ocrx_word' id='word_1_216' title='bbox 1083 1964 1192 2002; x_wconf 79' lang='lat' dir='ltr'>quae</span> <span class='ocrx_word' id='word_1_217' title='bbox 1210 1956 1402 2001; x_wconf 78' lang='lat' dir='ltr'>prorsus</span> <span class='ocrx_word' id='word_1_218' title='bbox 1427 1949 1725 1989; x_wconf 82' lang='lat' dir='ltr'>devastarunt.</span> 
     </span>
     <span class='ocr_line' id='line_1_27' title="bbox 227 2010 1717 2066; baseline -0.003 -11"><span class='ocrx_word' id='word_1_219' title='bbox 227 2013 448 2055; x_wconf 75' lang='lat' dir='ltr'>ecclesiam</span> <span class='ocrx_word' id='word_1_220' title='bbox 470 2014 618 2066; x_wconf 80' lang='lat' dir='ltr'><em>quoad</em></span> <span class='ocrx_word' id='word_1_221' title='bbox 633 2013 778 2053; x_wconf 81' lang='lat' dir='ltr'>omnia</span> <span class='ocrx_word' id='word_1_222' title='bbox 801 2013 909 2053; x_wconf 81' lang='lat' dir='ltr'>bona</span> <span class='ocrx_word' id='word_1_223' title='bbox 933 2019 975 2052; x_wconf 82' lang='lat' dir='ltr'>et</span> <span class='ocrx_word' id='word_1_224' title='bbox 999 2027 1104 2053; x_wconf 77' lang='lat' dir='ltr'>vera</span> <span class='ocrx_word' id='word_1_225' title='bbox 1124 2013 1228 2066; x_wconf 67' lang='lat' dir='ltr'>ejus,</span> <span class='ocrx_word' id='word_1_226' title='bbox 1257 2018 1438 2052; x_wconf 90' lang='lat' dir='ltr'>constat</span> <span class='ocrx_word' id='word_1_227' title='bbox 1464 2026 1523 2052; x_wconf 86' lang='lat' dir='ltr'>ex</span> <span class='ocrx_word' id='word_1_228' title='bbox 1550 2010 1717 2064; x_wconf 87' lang='lat' dir='ltr'>signifi-</span> 
     </span>
     <span class='ocr_line' id='line_1_28' title="bbox 229 2073 1720 2126; baseline -0.001 -12"><span class='ocrx_word' id='word_1_229' title='bbox 229 2075 412 2114; x_wconf 88' lang='lat' dir='ltr'>catione</span> <span class='ocrx_word' id='word_1_230' title='bbox 443 2074 726 2126; x_wconf 87' lang='lat' dir='ltr'>angelorum,</span> <span class='ocrx_word' id='word_1_231' title='bbox 759 2074 879 2126; x_wconf 87' lang='lat' dir='ltr'>quod</span> <span class='ocrx_word' id='word_1_232' title='bbox 911 2075 1001 2113; x_wconf 91' lang='lat' dir='ltr'>sint</span> <span class='ocrx_word' id='word_1_233' title='bbox 1034 2073 1201 2113; x_wconf 90' lang='lat' dir='ltr'>Divina</span> <span class='ocrx_word' id='word_1_234' title='bbox 1231 2087 1339 2113; x_wconf 89' lang='lat' dir='ltr'>vera</span> <span class='ocrx_word' id='word_1_235' title='bbox 1373 2087 1399 2112; x_wconf 90' lang='lat' dir='ltr'>a</span> <span class='ocrx_word' id='word_1_236' title='bbox 1434 2073 1634 2113; x_wconf 91' lang='lat' dir='ltr'>Domino</span> <span class='ocrx_word' id='word_1_237' title='bbox 1664 2082 1720 2120; x_wconf 85' lang='lat' dir='ltr'>(de</span> 
     </span>
     <span class='ocr_line' id='line_1_29' title="bbox 229 2132 1718 2185; baseline -0.001 -13"><span class='ocrx_word' id='word_1_238' title='bbox 229 2142 710 2184; x_wconf 69' lang='lat' dir='ltr'>quasupr‘a,n.130,302);</span> <span class='ocrx_word' id='word_1_239' title='bbox 747 2147 807 2172; x_wconf 84' lang='lat' dir='ltr'>ex</span> <span class='ocrx_word' id='word_1_240' title='bbox 833 2132 1165 2185; x_wconf 87' lang='lat' dir='ltr'>significatione</span> <span class='ocrx_word' id='word_1_241' title='bbox 1194 2132 1451 2185; x_wconf 87' lang='lat' dir='ltr'>“septem,&#39;&#39;</span> <span class='ocrx_word' id='word_1_242' title='bbox 1477 2132 1597 2185; x_wconf 90' lang='lat' dir='ltr'>quod</span> <span class='ocrx_word' id='word_1_243' title='bbox 1629 2132 1718 2172; x_wconf 90' lang='lat' dir='ltr'>sint</span> 
     </span>
     <span class='ocr_line' id='line_1_30' title="bbox 231 2191 1717 2246; baseline -0.001 -14"><span class='ocrx_word' id='word_1_244' title='bbox 231 2194 383 2233; x_wconf 88' lang='lat' dir='ltr'>omnia</span> <span class='ocrx_word' id='word_1_245' title='bbox 405 2200 450 2233; x_wconf 88' lang='lat' dir='ltr'>et</span> <span class='ocrx_word' id='word_1_246' title='bbox 473 2207 655 2246; x_wconf 82' lang='lat' dir='ltr'>prorsus</span> <span class='ocrx_word' id='word_1_247' title='bbox 682 2203 736 2241; x_wconf 83' lang='lat' dir='ltr'>(de</span> <span class='ocrx_word' id='word_1_248' title='bbox 749 2212 814 2240; x_wconf 82' lang='lat' dir='ltr'>qua</span> <span class='ocrx_word' id='word_1_249' title='bbox 830 2203 1007 2241; x_wconf 84' lang='lat' dir='ltr'>[supra],n.</span> <span class='ocrx_word' id='word_1_250' title='bbox 1025 2203 1089 2236; x_wconf 91' lang='lat'>20,</span> <span class='ocrx_word' id='word_1_251' title='bbox 1107 2203 1171 2243; x_wconf 84' lang='lat'>24.</span> <span class='ocrx_word' id='word_1_252' title='bbox 1189 2202 1283 2244; x_wconf 84' lang='lat'>257,</span> <span class='ocrx_word' id='word_1_253' title='bbox 1301 2200 1461 2243; x_wconf 83' lang='lat'>[11300);</span> <span class='ocrx_word' id='word_1_254' title='bbox 1493 2206 1552 2232; x_wconf 88' lang='lat' dir='ltr'>ex</span> <span class='ocrx_word' id='word_1_255' title='bbox 1575 2191 1717 2244; x_wconf 85' lang='lat' dir='ltr'>signi-</span> 
     </span>
     <span class='ocr_line' id='line_1_31' title="bbox 231 2253 1719 2307; baseline -0.002 -12"><span class='ocrx_word' id='word_1_256' title='bbox 231 2255 440 2295; x_wconf 88' lang='lat' dir='ltr'>ficatione</span> <span class='ocrx_word' id='word_1_257' title='bbox 470 2254 779 2307; x_wconf 81' lang='lat' dir='ltr'>“plagarum,&#39;’</span> <span class='ocrx_word' id='word_1_258' title='bbox 806 2254 926 2307; x_wconf 86' lang='lat' dir='ltr'>quod</span> <span class='ocrx_word' id='word_1_259' title='bbox 958 2255 1047 2294; x_wconf 90' lang='lat' dir='ltr'>sint</span> <span class='ocrx_word' id='word_1_260' title='bbox 1075 2254 1194 2294; x_wconf 90' lang='lat' dir='ltr'>mala</span> <span class='ocrx_word' id='word_1_261' title='bbox 1216 2261 1261 2294; x_wconf 92' lang='lat' dir='ltr'>et</span> <span class='ocrx_word' id='word_1_262' title='bbox 1287 2253 1398 2293; x_wconf 87' lang='lat' dir='ltr'>salsa</span> <span class='ocrx_word' id='word_1_263' title='bbox 1423 2267 1536 2306; x_wconf 87' lang='lat' dir='ltr'>quae</span> <span class='ocrx_word' id='word_1_264' title='bbox 1562 2253 1719 2293; x_wconf 83' lang='lat' dir='ltr'>devas-</span> 
     </span>
     <span class='ocr_line' id='line_1_32' title="bbox 230 2313 1719 2367; baseline -0.002 -11"><span class='ocrx_word' id='word_1_265' title='bbox 230 2321 387 2356; x_wconf 85' lang='lat' dir='ltr'>tarunt</span> <span class='ocrx_word' id='word_1_266' title='bbox 411 2315 650 2356; x_wconf 88' lang='lat' dir='ltr'>ecclesiam</span> <span class='ocrx_word' id='word_1_267' title='bbox 678 2326 732 2363; x_wconf 82' lang='lat' dir='ltr'>(de</span> <span class='ocrx_word' id='word_1_268' title='bbox 747 2335 811 2362; x_wconf 82' lang='lat' dir='ltr'>qua</span> <span class='ocrx_word' id='word_1_269' title='bbox 824 2335 928 2363; x_wconf 80' lang='lat' dir='ltr'>supra.</span> <span class='ocrx_word' id='word_1_270' title='bbox 943 2335 973 2354; x_wconf 88' lang='lat' dir='ltr'>n.</span> <span class='ocrx_word' id='word_1_271' title='bbox 994 2315 1113 2366; x_wconf 85' lang='lat'>584):</span> <span class='ocrx_word' id='word_1_272' title='bbox 1147 2321 1194 2354; x_wconf 91' lang='lat' dir='ltr'>et</span> <span class='ocrx_word' id='word_1_273' title='bbox 1216 2315 1320 2367; x_wconf 87' lang='lat' dir='ltr'>quia</span> <span class='ocrx_word' id='word_1_274' title='bbox 1343 2313 1591 2366; x_wconf 88' lang='lat' dir='ltr'>“septem”</span> <span class='ocrx_word' id='word_1_275' title='bbox 1613 2319 1719 2354; x_wconf 89' lang='lat' dir='ltr'>sunt</span> 
     </span>
     <span class='ocr_line' id='line_1_33' title="bbox 231 2375 1720 2429; baseline -0.001 -13"><span class='ocrx_word' id='word_1_276' title='bbox 231 2378 381 2417; x_wconf 89' lang='lat' dir='ltr'>omnia</span> <span class='ocrx_word' id='word_1_277' title='bbox 407 2383 452 2416; x_wconf 93' lang='lat' dir='ltr'>et</span> <span class='ocrx_word' id='word_1_278' title='bbox 486 2390 678 2428; x_wconf 86' lang='lat' dir='ltr'>prorsus,</span> <span class='ocrx_word' id='word_1_279' title='bbox 707 2378 810 2416; x_wconf 88' lang='lat' dir='ltr'>inde</span> <span class='ocrx_word' id='word_1_280' title='bbox 842 2390 920 2429; x_wconf 91' lang='lat' dir='ltr'>per</span> <span class='ocrx_word' id='word_1_281' title='bbox 948 2380 1165 2428; x_wconf 84' lang='lat' dir='ltr'>“septem</span> <span class='ocrx_word' id='word_1_282' title='bbox 1193 2376 1351 2428; x_wconf 85' lang='lat' dir='ltr'>plagas</span> <span class='ocrx_word' id='word_1_283' title='bbox 1367 2375 1385 2390; x_wconf 74' lang='lat'>&#39;⁹</span> <span class='ocrx_word' id='word_1_284' title='bbox 1412 2375 1720 2428; x_wconf 82' lang='lat' dir='ltr'>significantur</span> 
     </span>
     <span class='ocr_line' id='line_1_34' title="bbox 231 2439 1719 2491; baseline -0.001 -12"><span class='ocrx_word' id='word_1_285' title='bbox 231 2439 351 2479; x_wconf 86' lang='lat' dir='ltr'>mala</span> <span class='ocrx_word' id='word_1_286' title='bbox 382 2446 427 2479; x_wconf 90' lang='lat' dir='ltr'>et</span> <span class='ocrx_word' id='word_1_287' title='bbox 459 2439 569 2479; x_wconf 85' lang='lat' dir='ltr'>salsa</span> <span class='ocrx_word' id='word_1_288' title='bbox 600 2440 643 2479; x_wconf 90' lang='lat' dir='ltr'>in</span> <span class='ocrx_word' id='word_1_289' title='bbox 676 2441 796 2480; x_wconf 89' lang='lat' dir='ltr'>omni</span> <span class='ocrx_word' id='word_1_290' title='bbox 830 2439 1089 2491; x_wconf 87' lang='lat' dir='ltr'>complexu,</span> <span class='ocrx_word' id='word_1_291' title='bbox 1123 2453 1234 2491; x_wconf 89' lang='lat' dir='ltr'>quae</span> <span class='ocrx_word' id='word_1_292' title='bbox 1267 2452 1446 2490; x_wconf 85' lang='lat' dir='ltr'>prorsus</span> <span class='ocrx_word' id='word_1_293' title='bbox 1477 2439 1719 2478; x_wconf 87' lang='lat' dir='ltr'>devastant</span> 
     </span>
    </p>
   </div>
   <div class='ocr_carea' id='block_1_7' title="bbox 231 2500 1721 2550">
    <p class='ocr_par' dir='ltr' id='par_1_7' title="bbox 231 2500 1721 2550">
     <span class='ocr_line' id='line_1_35' title="bbox 231 2500 1721 2550; baseline -0.001 -11"><span class='ocrx_word' id='word_1_294' title='bbox 231 2500 473 2540; x_wconf 72' lang='lat' dir='ltr'>ecclesiam</span> <span class='ocrx_word' id='word_1_295' title='bbox 492 2514 500 2550; x_wconf 74' lang='lat'><em>3</em></span> <span class='ocrx_word' id='word_1_296' title='bbox 538 2511 660 2548; x_wconf 87' lang='lat' dir='ltr'>(omnia</span> <span class='ocrx_word' id='word_1_297' title='bbox 675 2512 759 2540; x_wconf 87' lang='lat' dir='ltr'>mala</span> <span class='ocrx_word' id='word_1_298' title='bbox 773 2511 804 2539; x_wconf 85' lang='lat' dir='ltr'>in</span> <span class='ocrx_word' id='word_1_299' title='bbox 820 2512 990 2548; x_wconf 88' lang='lat' dir='ltr'>complexu</span> <span class='ocrx_word' id='word_1_300' title='bbox 1005 2520 1087 2548; x_wconf 88' lang='lat' dir='ltr'>quae</span> <span class='ocrx_word' id='word_1_301' title='bbox 1102 2511 1161 2539; x_wconf 86' lang='lat' dir='ltr'>illis</span> <span class='ocrx_word' id='word_1_302' title='bbox 1176 2510 1230 2547; x_wconf 91' lang='lat' dir='ltr'>qui</span> <span class='ocrx_word' id='word_1_303' title='bbox 1245 2511 1419 2544; x_wconf 83' lang='lat' dir='ltr'>devastant,</span> <span class='ocrx_word' id='word_1_304' title='bbox 1435 2509 1651 2547; x_wconf 86' lang='lat' dir='ltr'>significantur</span> <span class='ocrx_word' id='word_1_305' title='bbox 1665 2518 1721 2546; x_wconf 88' lang='lat' dir='ltr'>per</span> 
     </span>
    </p>
   </div>
   <div class='ocr_carea' id='block_1_8' title="bbox 230 2560 1722 2703">
    <p class='ocr_par' dir='ltr' id='par_1_8' title="bbox 230 2560 1722 2703">
     <span class='ocr_line' id='line_1_36' title="bbox 231 2560 1722 2604; baseline -0.001 -13"><span class='ocrx_word' id='word_1_306' title='bbox 231 2572 400 2592; x_wconf 86' lang='lat' dir='ltr'>numerum</span> <span class='ocrx_word' id='word_1_307' title='bbox 413 2560 554 2592; x_wconf 77' lang='lat' dir='ltr'>‘&#39;[2Jmille</span> <span class='ocrx_word' id='word_1_308' title='bbox 564 2565 816 2602; x_wconf 79' lang='lat' dir='ltr'>sexcenta.&#39;&#39;eap.</span> <span class='ocrx_word' id='word_1_309' title='bbox 829 2565 973 2594; x_wconf 82' lang='lat' dir='ltr'>xiv.vers.</span> <span class='ocrx_word' id='word_1_310' title='bbox 985 2573 1033 2598; x_wconf 90' lang='lat'>20,</span> <span class='ocrx_word' id='word_1_311' title='bbox 1045 2564 1084 2592; x_wconf 87' lang='lat' dir='ltr'>de</span> <span class='ocrx_word' id='word_1_312' title='bbox 1094 2572 1159 2600; x_wconf 94' lang='lat' dir='ltr'>quo</span> <span class='ocrx_word' id='word_1_313' title='bbox 1171 2563 1306 2600; x_wconf 83' lang='lat' dir='ltr'>[supra],</span> <span class='ocrx_word' id='word_1_314' title='bbox 1317 2572 1347 2592; x_wconf 92' lang='lat' dir='ltr'>n.</span> <span class='ocrx_word' id='word_1_315' title='bbox 1358 2563 1461 2604; x_wconf 72' lang='lat'>924:</span> <span class='ocrx_word' id='word_1_316' title='bbox 1482 2566 1512 2591; x_wconf 86' lang='lat' dir='ltr'>et</span> <span class='ocrx_word' id='word_1_317' title='bbox 1524 2562 1633 2591; x_wconf 89' lang='lat' dir='ltr'>omnia</span> <span class='ocrx_word' id='word_1_318' title='bbox 1644 2562 1722 2590; x_wconf 84' lang='lat' dir='ltr'>falsa</span> 
     </span>
     <span class='ocr_line' id='line_1_37' title="bbox 230 2611 1722 2650; baseline -0.001 -10"><span class='ocrx_word' id='word_1_319' title='bbox 230 2612 264 2640; x_wconf 89' lang='lat' dir='ltr'>in</span> <span class='ocrx_word' id='word_1_320' title='bbox 279 2613 449 2649; x_wconf 87' lang='lat' dir='ltr'>complexu</span> <span class='ocrx_word' id='word_1_321' title='bbox 463 2621 545 2648; x_wconf 88' lang='lat' dir='ltr'>quae</span> <span class='ocrx_word' id='word_1_322' title='bbox 560 2613 618 2641; x_wconf 92' lang='lat' dir='ltr'>illis</span> <span class='ocrx_word' id='word_1_323' title='bbox 633 2613 687 2649; x_wconf 89' lang='lat' dir='ltr'>qui</span> <span class='ocrx_word' id='word_1_324' title='bbox 703 2614 876 2645; x_wconf 84' lang='lat' dir='ltr'>devastant.</span> <span class='ocrx_word' id='word_1_325' title='bbox 889 2612 1104 2650; x_wconf 79' lang='lat' dir='ltr'>significantur</span> <span class='ocrx_word' id='word_1_326' title='bbox 1118 2621 1174 2649; x_wconf 91' lang='lat' dir='ltr'>per</span> <span class='ocrx_word' id='word_1_327' title='bbox 1189 2620 1355 2640; x_wconf 90' lang='lat' dir='ltr'>numerum</span> <span class='ocrx_word' id='word_1_328' title='bbox 1370 2614 1546 2640; x_wconf 82' lang='lat' dir='ltr'>“sexcenta</span> <span class='ocrx_word' id='word_1_329' title='bbox 1560 2611 1722 2647; x_wconf 85' lang='lat' dir='ltr'>sexaginta</span> 
     </span>
     <span class='ocr_line' id='line_1_38' title="bbox 232 2649 1720 2703; baseline 0 -14"><span class='ocrx_word' id='word_1_330' title='bbox 232 2666 263 2690; x_wconf 85' lang='lat' dir='ltr'>et</span> <span class='ocrx_word' id='word_1_331' title='bbox 275 2662 360 2695; x_wconf 85' lang='lat' dir='ltr'>sex,&#39;&#39;</span> <span class='ocrx_word' id='word_1_332' title='bbox 371 2671 439 2699; x_wconf 87' lang='lat' dir='ltr'>cap.</span> <span class='ocrx_word' id='word_1_333' title='bbox 454 2662 515 2690; x_wconf 85' lang='lat' dir='ltr'>xiii.</span> <span class='ocrx_word' id='word_1_334' title='bbox 527 2671 605 2691; x_wconf 84' lang='lat' dir='ltr'>vers.</span> <span class='ocrx_word' id='word_1_335' title='bbox 618 2665 665 2696; x_wconf 88' lang='lat'>18,</span> <span class='ocrx_word' id='word_1_336' title='bbox 679 2664 719 2691; x_wconf 91' lang='lat' dir='ltr'>de</span> <span class='ocrx_word' id='word_1_337' title='bbox 732 2672 807 2699; x_wconf 86' lang='lat' dir='ltr'>quo,</span> <span class='ocrx_word' id='word_1_338' title='bbox 819 2672 848 2692; x_wconf 93' lang='lat' dir='ltr'>n.</span> <span class='ocrx_word' id='word_1_339' title='bbox 861 2653 969 2703; x_wconf 81' lang='grc'>847;)</span> <span class='ocrx_word' id='word_1_340' title='bbox 995 2658 1041 2692; x_wconf 77' lang='lat' dir='ltr'>et</span> <span class='ocrx_word' id='word_1_341' title='bbox 1063 2665 1121 2691; x_wconf 78' lang='lat' dir='ltr'>CX</span> <span class='ocrx_word' id='word_1_342' title='bbox 1145 2650 1477 2703; x_wconf 73' lang='lat' dir='ltr'>Significatione</span> <span class='ocrx_word' id='word_1_343' title='bbox 1498 2654 1523 2670; x_wconf 78' lang='lat'>‘⁴</span> <span class='ocrx_word' id='word_1_344' title='bbox 1537 2649 1720 2690; x_wconf 75' lang='lat' dir='ltr'>ultima-</span> 
     </span>
    </p>
   </div>
   <div class='ocr_carea' id='block_1_9' title="bbox 231 2710 1721 2958">
    <p class='ocr_par' dir='ltr' id='par_1_9' title="bbox 231 2710 1721 2958">
     <span class='ocr_line' id='line_1_39' title="bbox 231 2710 1720 2766; baseline -0.001 -14"><span class='ocrx_word' id='word_1_345' title='bbox 231 2712 368 2761; x_wconf 89' lang='lat' dir='ltr'>rum,”</span> <span class='ocrx_word' id='word_1_346' title='bbox 395 2713 512 2765; x_wconf 89' lang='lat' dir='ltr'>quod</span> <span class='ocrx_word' id='word_1_347' title='bbox 544 2714 600 2753; x_wconf 90' lang='lat' dir='ltr'>sit</span> <span class='ocrx_word' id='word_1_348' title='bbox 627 2714 775 2766; x_wconf 90' lang='lat' dir='ltr'>quoad</span> <span class='ocrx_word' id='word_1_349' title='bbox 802 2714 952 2754; x_wconf 89' lang='lat' dir='ltr'>omnia</span> <span class='ocrx_word' id='word_1_350' title='bbox 978 2713 1096 2753; x_wconf 90' lang='lat' dir='ltr'>bona</span> <span class='ocrx_word' id='word_1_351' title='bbox 1127 2718 1173 2752; x_wconf 91' lang='lat' dir='ltr'>et</span> <span class='ocrx_word' id='word_1_352' title='bbox 1198 2725 1317 2759; x_wconf 87' lang='lat' dir='ltr'>vera,</span> <span class='ocrx_word' id='word_1_353' title='bbox 1346 2724 1450 2751; x_wconf 89' lang='lat' dir='ltr'>nam</span> <span class='ocrx_word' id='word_1_354' title='bbox 1482 2717 1587 2751; x_wconf 91' lang='lat' dir='ltr'>tunc</span> <span class='ocrx_word' id='word_1_355' title='bbox 1615 2710 1720 2750; x_wconf 87' lang='lat' dir='ltr'>ulti-</span> 
     </span>
     <span class='ocr_line' id='line_1_40' title="bbox 233 2775 1720 2828; baseline -0.001 -13"><span class='ocrx_word' id='word_1_356' title='bbox 233 2789 355 2815; x_wconf 90' lang='lat' dir='ltr'>mum</span> <span class='ocrx_word' id='word_1_357' title='bbox 382 2783 427 2816; x_wconf 93' lang='lat' dir='ltr'>et</span> <span class='ocrx_word' id='word_1_358' title='bbox 451 2783 811 2817; x_wconf 87' lang='lat' dir='ltr'>consummatum</span> <span class='ocrx_word' id='word_1_359' title='bbox 834 2783 928 2817; x_wconf 90' lang='lat' dir='ltr'>est:</span> <span class='ocrx_word' id='word_1_360' title='bbox 962 2790 1020 2817; x_wconf 86' lang='lat' dir='ltr'>ex</span> <span class='ocrx_word' id='word_1_361' title='bbox 1043 2776 1109 2816; x_wconf 91' lang='lat' dir='ltr'>his</span> <span class='ocrx_word' id='word_1_362' title='bbox 1133 2781 1273 2827; x_wconf 89' lang='lat' dir='ltr'>patet,</span> <span class='ocrx_word' id='word_1_363' title='bbox 1298 2775 1416 2828; x_wconf 93' lang='lat' dir='ltr'>quod</span> <span class='ocrx_word' id='word_1_364' title='bbox 1440 2788 1517 2827; x_wconf 91' lang='lat' dir='ltr'>per</span> <span class='ocrx_word' id='word_1_365' title='bbox 1542 2777 1720 2826; x_wconf 86' lang='lat' dir='ltr'>“ange-</span> 
     </span>
     <span class='ocr_line' id='line_1_41' title="bbox 233 2836 1721 2892; baseline -0.001 -15"><span class='ocrx_word' id='word_1_366' title='bbox 233 2837 301 2878; x_wconf 92' lang='lat' dir='ltr'>los</span> <span class='ocrx_word' id='word_1_367' title='bbox 333 2845 507 2891; x_wconf 89' lang='lat' dir='ltr'>septem</span> <span class='ocrx_word' id='word_1_368' title='bbox 539 2839 759 2879; x_wconf 89' lang='lat' dir='ltr'>habentes</span> <span class='ocrx_word' id='word_1_369' title='bbox 796 2840 954 2892; x_wconf 87' lang='lat' dir='ltr'>plagas</span> <span class='ocrx_word' id='word_1_370' title='bbox 986 2845 1161 2891; x_wconf 88' lang='lat' dir='ltr'>septem</span> <span class='ocrx_word' id='word_1_371' title='bbox 1194 2836 1414 2885; x_wconf 85' lang='lat' dir='ltr'>ultimas‚”</span> <span class='ocrx_word' id='word_1_372' title='bbox 1446 2836 1721 2889; x_wconf 80' lang='lat' dir='ltr'>significetur</span> 
     </span>
     <span class='ocr_line' id='line_1_42' title="bbox 233 2899 1720 2958; baseline -0.001 -16"><span class='ocrx_word' id='word_1_373' title='bbox 233 2901 353 2958; x_wconf 88' lang='lat' dir='ltr'>quod</span> <span class='ocrx_word' id='word_1_374' title='bbox 380 2915 406 2941; x_wconf 93' lang='lat' dir='ltr'>a</span> <span class='ocrx_word' id='word_1_375' title='bbox 432 2901 627 2942; x_wconf 90' lang='lat' dir='ltr'>Domino</span> <span class='ocrx_word' id='word_1_376' title='bbox 652 2915 729 2955; x_wconf 87' lang='lat' dir='ltr'>per</span> <span class='ocrx_word' id='word_1_377' title='bbox 752 2902 964 2943; x_wconf 90' lang='lat' dir='ltr'>Divinum</span> <span class='ocrx_word' id='word_1_378' title='bbox 987 2901 1158 2942; x_wconf 90' lang='lat' dir='ltr'>Verum</span> <span class='ocrx_word' id='word_1_379' title='bbox 1181 2900 1466 2941; x_wconf 84' lang='lat' dir='ltr'>manifestata</span> <span class='ocrx_word' id='word_1_380' title='bbox 1489 2900 1577 2941; x_wconf 90' lang='lat' dir='ltr'>sint</span> <span class='ocrx_word' id='word_1_381' title='bbox 1600 2899 1720 2940; x_wconf 85' lang='lat' dir='ltr'>mala</span> 
     </span>
    </p>
   </div>
  </div>
 </body>
</html>
