1962 3328
274 291 326 334 30
687 289 1022 322 APOCALYPSIS
1054 288 1354 321 EXPLICATA.

270 403 544 452 sacerdotes,
569 404 798 444 antistites
822 403 1023 452 ministri,
1048 402 1350 456 praedicando
1376 415 1476 443 cum
1498 403 1656 444 ardore
1678 403 1762 445 sic-

270 473 318 507 ut
350 480 409 508 ex
441 466 564 517 zelo;
608 466 789 515 literati,
822 466 1061 507 scribendo
1093 466 1229 506 libros
1265 467 1449 519 pietate,
1483 464 1686 507 doctrina
1717 473 1763 508 et

270 530 519 571 eruditione
542 530 726 583 plenos;
759 536 804 570 et
827 529 900 570 alii
923 528 1152 579 similiter;
1186 535 1232 569 et
1259 543 1336 582 per
1358 529 1401 569 id
1428 543 1604 583 quoque
1625 529 1762 583 insig-

270 607 348 634 nes
372 607 474 633 usus
501 599 734 646 praestant
762 592 1011 640 Ecclesiae,
1036 592 1225 641 Patriae,
1250 593 1470 640 societati,
1495 599 1540 633 et
1564 593 1762 643 concivi;

269 663 315 697 et
351 662 504 697 tamen
537 655 685 708 plures
716 655 826 695 haec
859 655 1026 695 faciunt
1063 668 1122 695 ex
1159 654 1256 695 sola
1287 654 1522 695 affectione
1555 656 1761 704 naturali,

269 733 382 774 quae
414 725 484 759 est
521 725 705 772 propter
736 732 783 758 se
817 725 864 759 ut
902 718 1179 758 honorentur
1212 724 1258 759 et
1290 718 1347 758 ad
1380 718 1627 771 dignitates
1659 733 1762 760 eve-

269 779 446 830 hantur,
483 788 559 822 aut
597 788 781 834 propter
818 781 1033 821 mundum
1076 787 1123 821 ut
1166 780 1393 821 lucrentur
1434 788 1480 821 et
1522 781 1762 822 ditescant.

272 846 331 886 Hi
363 845 472 885 fines
498 844 616 897 apud
643 844 859 897 quosdam
886 842 1168 884 affectionem
1201 844 1257 884 ad
1288 843 1539 884 faciendum
1566 858 1669 884 usus
1701 845 1763 884 ita

269 908 515 950 incendunt
538 913 586 947 ut
608 906 878 960 quandoque
896 907 1136 947 eximiores
1159 921 1262 947 usus
1285 913 1516 960 praestent
1539 920 1671 960 quam
1689 908 1763 961 'qui

269 973 312 1012 in
339 969 556 1025 spirituali
582 968 817 1010 affectione
839 983 942 1010 usus
969 977 1086 1011 sunt.
1149 969 1261 1011 Cum
1286 970 1482 1023 pluribus
1509 971 1581 1024 qui
1606 971 1650 1011 in
1676 971 1761 1011 hoc

269 1048 434 1088 genere
461 1032 707 1075 affectionis
734 1047 836 1073 usus
862 1033 1052 1082 fuerunt,
1080 1040 1183 1087 post
1216 1040 1422 1082 mortem,
1451 1033 1556 1073 dum
1583 1033 1765 1086 spiritus-

270 1097 373 1139 faffl
405 1104 523 1146 sunt,
555 1097 731 1137 locutus
763 1110 875 1145 sum,
903 1098 975 1150 qui
1009 1103 1115 1138 tunc
1149 1097 1465 1149 flagitaverunt
1498 1095 1671 1137 caelum
1702 1109 1761 1136 ex

270 1161 460 1211 merit03
495 1161 573 1201 sed
600 1161 702 1214 quia
728 1174 830 1200 usus
856 1174 915 1201 ex
942 1160 1038 1200 sola
1064 1158 1299 1201 affectione
1326 1159 1518 1200 naturali
1549 1159 1760 1207 fecerant,

268 1225 332 1265 ita
357 1230 540 1278 propter
566 1237 613 1264 se
639 1230 684 1264 et
712 1224 940 1272 mundum,
965 1230 1010 1264 et
1038 1237 1128 1264 non
1155 1230 1339 1277 propter
1365 1223 1510 1263 Deum
1537 1228 1583 1263 et
1609 1222 1761 1275 proxi-

269 1300 404 1335 mum,
433 1300 696 1340 responsum
723 1287 922 1327 tulerunt
946 1287 1088 1327 simile
1114 1287 1213 1327 huic
1241 1286 1358 1339 apud
1383 1285 1694 1326 Mattlzaemn:

335 1390 359 1405 “
372 1390 477 1422 Multi
500 1389 620 1421 dicent
646 1389 736 1421 Mihi
764 1390 800 1421 in
826 1390 887 1421 illa
909 1389 978 1427 die,
1007 1389 1171 1427 Domine,
1201 1388 1368 1427 Domine,
1396 1398 1516 1419 nonne
1543 1397 1606 1428 per
1630 1395 1763 1419 nomen

448 1439 547 1464 tuum
565 1431 866 1472 prophetavimus,
881 1437 916 1462 et
933 1440 996 1470 per
1010 1440 1140 1461 nornen
1158 1437 1258 1461 tuum
1275 1431 1464 1462 daemonia
1479 1431 1661 1471 ejecimus,
1675 1438 1710 1463 et
1728 1432 1763 1463 in

448 1476 594 1519 nomi-ne
608 1481 668 1506 tuo
682 1474 812 1505 multas
826 1475 974 1505 virtutes
988 1474 1161 1506 fecimus?
1199 1474 1266 1505 Sed
1281 1481 1362 1505 tunc
1375 1474 1572 1506 confitebor
1585 1475 1664 1512 illis,
1681 1474 1762 1507 Non

448 1519 534 1551 novi
551 1528 637 1557 vos;
662 1518 832 1549 discedite
848 1528 870 1549 a
888 1517 974 1555 Me„
990 1523 1196 1558 .operantes
1214 1518 1416 1558 iniquitates
1428 1517 1445 1529 ’²
1463 1518 1534 1557 (vii.
1550 1526 1601 1556 22,
1616 1518 1691 1558 23);

270 1631 316 1666 et
341 1624 459 1678 apud
484 1624 649 1666 Lucam
664 1639 682 1664 .-

338 1723 474 1756 “Tunc
498 1723 676 1764 incipietis
699 1724 828 1761 dicere,
858 1723 1006 1754 Edimus
1029 1732 1151 1754 coram
1177 1722 1240 1759 Te,
1268 1728 1302 1753 et
1326 1721 1492 1759 bibimus,
1513 1726 1548 1752 et
1572 1720 1608 1751 in
1633 1720 1761 1761 plateis

444 1767 577 1799 nostris
593 1767 756 1799 docuisti.
807 1767 876 1799 Sed
893 1767 996 1804 dicet,
1018 1766 1107 1798 Dico
1123 1766 1237 1803 vobis,
1258 1775 1330 1796 non
1349 1766 1434 1796 novi
1453 1774 1519 1796 vos
1543 1764 1637 1796 unde
1662 1764 1761 1802 sitis;

443 1812 612 1844 discedite
629 1821 650 1842 a
669 1811 739 1850 Me,
760 1811 910 1851 operarii
929 1810 1152 1851 iniquitatis”
1171 1810 1255 1850 (xiii.
1277 1810 1329 1847 26,
1351 1808 1416 1850 27).

269 1913 512 1968 Explorati
534 1915 672 1955 etiam
695 1920 797 1954 sunt
821 1913 975 1967 quales
1003 1914 1045 1953 in
1069 1913 1236 1953 mundo
1259 1913 1448 1961 suerunt,
1472 1917 1518 1952 et
1541 1911 1761 1964 comperti

269 1977 389 2031 quod
414 1977 627 2018 interiora
652 1976 828 2017 illorum
856 1976 988 2030 plena
1014 1983 1167 2016 essent
1194 1975 1569 2029 concupiscentiis
1595 1981 1642 2015 et
1668 1987 1762 2015 ma-

271 2041 322 2080 lis
341 2041 444 2081 inde
458 2039 786 2084 condensatis&
801 2055 914 2094 quae
930 2040 1047 2093 apud
1062 2040 1282 2093 quosdam
1297 2044 1597 2093 apparuerunt
1615 2038 1760 2092 ignita

270 2117 328 2144 ex
347 2117 500 2144 amore
518 2104 596 2150 sui,
617 2103 735 2157 apud
754 2103 972 2157 quosdam
996 2104 1181 2144 liventia
1203 2118 1262 2144 ex
1280 2117 1433 2144 amore
1452 2102 1619 2151 mundi,
1640 2102 1758 2156 apud

270 2167 489 2220 quosdam
515 2166 638 2207 furva
665 2181 722 2207 ex
746 2165 986 2219 rejeetione
1013 2166 1334 2220 spiritualium;
1367 2172 1413 2207 et
1439 2165 1559 2219 quod
1589 2165 1757 2206 exteri-

270 2244 349 2271 ora
380 2244 517 2284 usque
549 2236 820 2284 apparerent
852 2236 901 2271 ut
938 2230 1069 2270 nivea
1101 2236 1146 2270 et
1185 2243 1404 2283 purpurea
1437 2243 1495 2270 ex
1527 2229 1678 2270 usibus
1714 2229 1758 2269 in

270 2299 462 2334 externa
480 2294 622 2334 forma
639 2307 646 2334 :
676 2308 735 2334 ex
754 2293 912 2347 quibus
930 2294 1075 2347 patuit
1094 2294 1213 2347 quod
1232 2293 1416 2334 tametsi
1435 2307 1537 2333 usus
1555 2292 1757 2340 fecerint,

270 2370 409 2410 usque
435 2356 545 2397 nihil
572 2356 690 2397 aliud
718 2370 870 2397 secum
898 2357 1200 2408 cogitaverint
1225 2369 1358 2409 quam
1383 2355 1548 2396 famam
1575 2361 1760 2408 propter

270 2420 466 2461 honores
492 2426 538 2461 et
565 2419 712 2471 lucra;
746 2426 792 2460 et
819 2419 940 2473 quod
966 2413 1042 2460 illa
1068 2425 1220 2461 essent
1248 2420 1424 2472 propria
1450 2419 1631 2472 spiritus
1657 2418 1758 2458 illc,-

269 2497 382 2535 rum,
416 2492 461 2524 et
498 2485 541 2524 in
579 2498 626 2525 se
663 2491 708 2525 et
746 2498 823 2524 sua
856 2485 962 2532 vita,
997 2490 1042 2525 et
1075 2484 1193 2537 quod
1230 2484 1344 2524 bene
1376 2481 1477 2523 acta
1508 2488 1659 2524 essent
1690 2482 1762 2524 vel

272 2547 562 2600 apparentiae
598 2547 717 2600 quod
755 2560 845 2587 non
883 2547 998 2588 tales
1034 2554 1201 2594 essent,
1235 2545 1307 2586 vel
1344 2545 1487 2585 solum
1525 2545 1672 2586 media
1704 2546 1761 2586 ad

271 2609 349 2650 illa
384 2616 432 2651 ut
469 2609 590 2650 fines.
654 2610 781 2650 Haec
814 2611 870 2650 de
907 2610 1097 2650 naturali
1129 2607 1363 2650 affectione
1395 2621 1563 2648 usuum.
1624 2607 1760 2661 Spiri-

271 2673 404 2714 tualis
429 2679 580 2714 autem
603 2671 778 2713 affecf‘cio
804 2687 907 2713 usus
933 2679 1001 2713 est
1024 2673 1200 2713 interna
1226 2679 1271 2712 et
1304 2671 1433 2712 simul
1460 2677 1676 2721 externa;
1713 2677 1759 2712 et

271 2743 488 2790 quantum
520 2736 596 2776 illa
627 2743 695 2776 est
728 2742 920 2776 externa
951 2749 1028 2776 seu
1059 2735 1286 2783 naturalis,
1313 2740 1490 2775 tantum
1522 2734 1658 2774 etiam
1690 2740 1760 2776 est

270 2799 524 2852 spiritualis,
564 2812 666 2839 nam
709 2799 937 2852 spirituale
973 2798 1115 2839 influit
1155 2799 1199 2838 in
1237 2796 1439 2838 naturale
1475 2802 1521 2838 et
1562 2797 1758 2850 disponit

269 2861 377 2903 illud
403 2862 460 2902 ad
486 2863 947 2916 correspondentiam,
975 2862 1037 2902 ita
1063 2861 1119 2901 ad
1151 2862 1216 2901 sui
1247 2861 1399 2901 instar.
1460 2858 1549 2900 Sed
1581 2860 1683 2913 quia
1713 2860 1756 2900 in

270 2925 437 2966 mundo
477 2925 610 2966 hodie
651 2939 829 2980 prorsus
865 2925 1096 2978 ignoratur
1133 2924 1237 2978 quid
1273 2921 1447 2965 affectio
1489 2936 1594 2963 usus
1631 2922 1755 2976 spiri-
