1962 3328
624 278 731 311 cAP.
753 278 868 318 κη,
890 276 1029 309 vms.
1054 275 1197 320 5.—-N.
1218 276 1314 319 974.
1599 274 1708 318 2543

221 391 402 418 (coam
409 391 441 413 de
451 391 547 421 Qua-10
556 391 713 417 Prmepeoa

294 431 497 478 Quantum
522 442 629 466 nunc
652 438 806 466 remota
828 436 931 470 sunt,
949 441 996 464 ac
1019 429 1188 474 amplius
1213 436 1475 470 removentur,
1500 443 1646 478 genera
1670 439 1710 467 et

222 479 374 524 species
390 479 596 518 furtorum,
609 485 765 515 tantum
783 477 932 511 intrant
956 485 996 511 et
1021 477 1152 511 locum
1170 476 1325 510 illorum
1343 486 1541 522 occupant
1565 490 1710 524 genera

222 532 264 560 et
287 525 438 571 species
462 526 656 560 bonorum
672 524 816 569 quibus
841 524 908 558 illa
933 523 970 558 in
997 523 1183 568 opposito
1203 525 1525 568 correspondent,
1542 536 1644 571 quae
1670 526 1708 560 in

221 572 422 606 communi
451 583 494 607 se
522 572 573 606 ad
602 571 809 609 sincerum,
835 569 985 605 re&um
1015 578 1056 605 et
1079 571 1229 616 justum
1255 569 1450 605 referunt:
1482 572 1579 606 dum
1603 573 1709 607 enim

222 619 345 653 homo
358 618 459 664 fugit
476 625 516 653 et
533 625 735 653 aversatur
747 618 985 652 lucrationes
999 617 1155 651 illicitas
1172 627 1242 662 per
1258 616 1416 652 fraudes
1432 627 1473 653 et
1489 627 1609 658 astus.
1623 626 1711 653 tan-

222 672 308 700 turn
331 666 419 700 vult
442 665 649 705 sincerum,
667 663 817 711 testum
842 671 883 699 et
898 665 1060 709 justum,
1078 671 1119 698 et
1143 664 1304 698 tandem
1327 664 1464 709 incipit
1481 676 1613 700 amare
1630 666 1710 700 sin—

221 723 356 747 cerum
381 712 474 757 quia
497 712 694 746 sincerum
720 718 791 751 aet,
810 710 960 745 rectum
985 711 1078 756 quia
1102 718 1163 746 oet
1188 709 1349 750 redum,
1370 722 1418 746 ac
1441 712 1591 757 justum
1617 713 1711 758 quia

222 765 284 794 est
297 759 460 804 justum.
509 758 628 804 Quod
646 758 809 804 incipiat
825 769 956 792 amare
975 757 1050 797 illa,
1068 765 1129 792 est
1148 758 1241 803 quia
1267 757 1332 792 illa
1356 766 1449 792 sunt
1474 770 1497 793 a
1524 758 1708 798 Domino.

222 816 269 841 ac
292 816 405 840 amor
422 805 582 840 Domini
599 812 660 840 oet
686 805 724 839 in
752 805 846 845 inis;
876 815 967 839 nam
993 815 1125 839 amare
1151 804 1368 838 Dominum
1387 816 1467 839 non
1493 813 1553 840 est
1578 817 1710 840 amare

273 863 441 891 rsonam,
456 853 524 887 sed
544 863 675 887 amare
694 852 759 886 illa
776 862 878 897 quae
895 852 1116 896 procedunt
1136 862 1160 886 a
1178 850 1364 889 Domino,
1379 852 1476 887 haec
1493 853 1598 887 enim
1616 860 1710 888 sunt

261 899 419 934 ominus
432 899 536 943 apud
551 899 772 937 hominem:
799 899 854 933 ita
866 909 1024 944 quoque
1039 899 1167 943 ipsum
1180 898 1387 937 sincerum,
1403 899 1530 944 ipsum
1547 898 1709 938 reftum,

222 945 264 981 et
289 946 417 991 ipsum
435 946 608 990 justum:
637 953 678 980 et
702 946 797 991 quia
822 946 888 980 illa
911 953 1006 980 sunt
1032 945 1239 984 Dominus,
1259 945 1351 980 ideo
1367 953 1561 990 quantum
1587 947 1710 981 homo

223 993 290 1028 illa
312 1000 429 1030 amat,
456 999 496 1027 et
522 993 614 1027 inde
639 1004 688 1027 ex
714 992 790 1026 illis
814 993 907 1038 agit,
926 999 1081 1027 tantum
1106 1003 1131 1026 a
1156 991 1331 1026 Domino
1355 992 1458 1038 agit:
1488 1000 1528 1028 et
1553 1001 1708 1028 tantum

223 1039 418 1074 Dominus
436 1039 631 1074 insincera
647 1046 687 1074 et
705 1039 861 1084 injusta,
880 1040 1010 1084 quoad
1033 1039 1137 1084 ipsas
1156 1039 1397 1074 intentiones
1414 1047 1455 1074 et
1472 1041 1709 1078 voluntates.

222 1086 289 1120 ubi
315 1086 465 1121 radices
491 1086 646 1121 illorum
671 1092 775 1125 sunt,
794 1093 982 1126 removet,
1000 1092 1041 1120 et
1066 1097 1223 1131 semper
1237 1097 1327 1120 cum
1347 1087 1490 1120 minori
1512 1088 1642 1122 renisu
1668 1096 1709 1122 et

218 1143 365 1179 pugna,
380 1133 435 1167 ita
450 1144 541 1167 cum
559 1133 723 1167 faciliori
741 1143 873 1177 opera,
891 1144 1009 1178 quam
1029 1133 1068 1166 in
1087 1133 1220 1167 initiis.
1271 1132 1336 1167 Sic
1354 1133 1476 1168 homo
1493 1135 1643 1180 cogitat
1660 1145 1708 1169 ex

221 1180 474 1218 conscientia,
489 1187 529 1214 et
546 1180 628 1226 agit
641 1191 689 1214 ex
708 1179 952 1225 integritate:
979 1191 1058 1214 non
1071 1180 1232 1225 quidem
1250 1180 1372 1214 homo
1386 1191 1434 1214 ex
1451 1191 1505 1220 se,
1519 1182 1588 1216 sed
1606 1181 1709 1216 sicut

221 1237 271 1261 ex
287 1237 349 1261 se:
372 1227 551 1272 agnoscit
569 1227 674 1260 enim
691 1234 787 1260 tunc
803 1237 852 1260 ex
869 1227 957 1265 fide,
971 1235 1058 1261 tum
1075 1238 1124 1261 ex
1142 1227 1407 1271 perceptione,
1422 1228 1529 1272 quod
1547 1228 1708 1273 quidem

221 1280 409 1318 appareat
425 1273 528 1308 sicut
546 1274 612 1308 illa
627 1273 777 1319 cogitet
793 1281 835 1307 et
852 1273 970 1308 faciat
987 1285 1036 1308 ex
1053 1285 1106 1313 se,
1124 1285 1215 1308 cum
1232 1281 1367 1308 tamen
1386 1285 1466 1309 non
1493 1286 1542 1309 ex
1566 1286 1619 1314 se,
1638 1275 1707 1310 sed

221 1331 271 1355 ex
289 1319 475 1355 Domino.

300 1464 432 1508 974.
459 1454 590 1500 “Ouia
609 1455 715 1495 haec
728 1455 1160 1508 judicasti.”—-Quod
1178 1456 1403 1509 significet
1428 1471 1457 1497 a
1476 1472 1559 1510 quo
1568 1464 1707 1510 prae-

222 1518 368 1559 visum
391 1519 510 1572 quod
531 1519 637 1559 haec
649 1519 826 1573 fierent,
855 1526 898 1560 et
917 1520 1151 1572 provisum
1178 1534 1229 1560 ne
1254 1521 1463 1561 damnum
1490 1522 1710 1573 inferrent

221 1581 367 1629 caelis,
394 1582 474 1635 qui
498 1583 544 1622 in
569 1582 733 1622 Divino
755 1582 876 1622 Bono
904 1589 947 1622 et
975 1582 1020 1622 in
1044 1582 1209 1622 Divino
1244 1582 1355 1623 Vero
1379 1590 1495 1632 sunt,
1523 1592 1706 1625 constat

222 1657 284 1684 ex
314 1644 642 1697 significatione
676 1644 791 1685 “illa
816 1645 1056 1698 judicare,'’
1086 1645 1206 1698 quod
1238 1646 1295 1686 sit
1326 1646 1474 1700 facere
1511 1653 1558 1687 ut
1595 1647 1706 1688 fiant

222 1719 300 1746 seu
324 1708 565 1757 eveniant;
598 1721 775 1760 nempe,
799 1721 913 1761 quae
939 1714 1199 1761 sequuntur,
1226 1709 1348 1761 quod
1372 1710 1513 1762 “quia
1539 1710 1704 1750 effude-

220 1775 327 1809 runt
347 1771 613 1822 sanguinem
635 1768 892 1810 sanctorum
915 1777 962 1810 et
988 1770 1326 1823 prophetarum,
1351 1773 1616 1824 sanguinem
1643 1774 1706 1813 eis

221 1830 396 1872 dederit
422 1832 574 1873 bibere
591 1833 626 1872 :”
657 1833 736 1873 sed
769 1834 872 1886 quia
902 1833 1015 1873 haec
1047 1834 1104 1873 de
1137 1833 1335 1874 Domino
1361 1833 1481 1875 di&a
1513 1843 1632 1883 sunt,
1659 1844 1706 1876 et

221 1893 442 1934 Dominus
468 1908 686 1949 nusquam
710 1894 840 1935 alicui
866 1895 946 1935 dat
972 1896 1241 1948 sanguinem
1265 1896 1432 1945 bibere,
1457 1911 1535 1937 seu
1557 1899 1635 1939 dat
1661 1899 1705 1938 id

221 1956 342 2009 quod
368 1956 646 2010 significatur
670 1971 749 2010 per
773 1958 963 1998 “bibere
988 1959 1294 2011 sanguinem‚”
1316 1966 1363 1999 et
1390 1966 1544 2000 tamen
1574 1961 1702 2008 haec,

222 2019 338 2059 sicut
369 2019 495 2072 plura
525 2019 685 2060 similia
716 2021 760 2060 in
792 2019 960 2068 Verbo,
999 2021 1042 2060 in
1074 2034 1208 2061 sensu
1240 2021 1420 2062 litterae
1450 2024 1706 2064 tribuuntur

225 2079 436 2129 Domino,
474 2083 674 2136 sequitur
709 2083 829 2136 quod
866 2097 944 2136 per
979 2083 1056 2124 illa
1091 2085 1227 2124 verba
1263 2085 1611 2138 intelligendum
1648 2088 1705 2127 sit

223 2144 343 2196 quod
374 2145 626 2197 praevisum
652 2146 710 2185 sit
741 2159 767 2185 a
799 2143 998 2186 Dorffino
1023 2147 1143 2199 quod
1176 2147 1287 2187 haec
1320 2147 1494 2193 fierent,
1523 2156 1569 2189 et
1602 2163 1704 2202 pro-

221 2206 367 2246 visum
393 2220 449 2247 ne
474 2221 554 2260 per
578 2208 621 2247 id
648 2209 861 2248 damnum
887 2208 1014 2249 fieret
1039 2209 1189 2255 caelis.
1216 2211 1290 2263 qui
1316 2211 1359 2250 in
1388 2211 1552 2252 Divino
1578 2212 1705 2252 Bono

222 2275 270 2310 et
301 2269 346 2309 in
377 2269 543 2311 Divino
569 2270 692 2311 Vero
718 2278 850 2321 sunt;
884 2271 1105 2312 Dominus
1131 2274 1251 2313 enim
1278 2274 1445 2313 malum
1473 2276 1705 2327 praevidet

220 2338 268 2373 et
289 2331 457 2373 bonum
479 2334 712 2386 providet:
746 2333 858 2374 haec
885 2335 1005 2375 enim
1031 2349 1109 2388 per
1133 2335 1211 2375 illa
1231 2337 1369 2376 verba
1394 2337 1705 2389 significantur

221 2394 268 2435 in
294 2408 427 2435 sensu
452 2396 683 2448 spirituali,
708 2410 786 2436 seu
807 2410 908 2437 cum
930 2399 1112 2438 exuitur
1134 2398 1337 2438 naturale
1360 2400 1479 2451 quod
1503 2401 1703 2440 exterius

220 2462 306 2505 est,
333 2463 380 2498 et
410 2465 596 2510 apparet
627 2459 856 2510 spirituale
886 2460 1007 2512 quod
1037 2461 1221 2500 interius
1252 2468 1347 2510 est;
1386 2462 1571 2512 proinde
1602 2476 1704 2503 cum

220 2519 440 2571 cogitatio
457 2520 670 2560 naturalis
686 2522 891 2568 hominis,
911 2536 1024 2575 quae
1046 2530 1116 2563 est
1134 2523 1379 2563 secundum
1402 2526 1701 2576 apparentias,

221 2582 444 2634 excipitur
459 2596 485 2622 a
501 2584 779 2635 cogitatione
793 2585 1007 2636 spirituali
1026 2586 1303 2638 angelorum,
1321 2600 1433 2639 quae
1456 2595 1523 2627 est
1542 2601 1702 2628 secun-

220 2644 327 2684 dum
357 2645 420 2685 rei
449 2646 704 2686 essentiam.
765 2647 876 2687 Inde
908 2655 1035 2700 patet
1066 2648 1209 2700 qualis
1240 2656 1308 2688 est
1340 2662 1496 2689 sensus
1523 2650 1702 2691 litterae

220 2704 360 2746 Verbi
384 2712 431 2746 et
456 2707 598 2760 qualis
623 2714 692 2748 est
717 2722 873 2749 sensus
898 2710 1137 2762 spiritualis
1162 2710 1267 2762 ejus.
1292 2717 1387 2751 tum
1413 2711 1557 2764 qualis
1579 2714 1703 2765 cogi—

221 2767 335 2807 tatio
370 2767 564 2809 humana
603 2777 649 2809 et
689 2770 831 2823 qualis
862 2772 1079 2823 cogitatio
1111 2772 1342 2824 angelica;
1384 2774 1502 2826 quod
1542 2788 1703 2827 nempe

222 2843 360 2882 usque
391 2832 663 2872 conveniant
694 2833 808 2873 sicut
844 2834 1069 2873 internum
1106 2841 1152 2875 et
1188 2841 1442 2884 externum,
1476 2843 1552 2877 aut
1590 2838 1703 2878 sicut

221 2903 355 2932 causa
383 2898 430 2933 et
461 2891 642 2934 effectus
659 2908 669 2945 ;
706 2902 752 2936 et
783 2896 902 2948 quod
929 2902 1120 2937 exuatur
1145 2895 1327 2938 effeetus
1358 2911 1435 2939 seu
1460 2906 1699 2940 externum
