1962 3328
259 282 371 326 2774
668 282 1004 316 APOCALYPSIS
1036 283 1337 316 EXPLICATA.

257 394 434 418 (continuatio
444 395 472 416 de
482 395 543 416 Fide
553 395 763 422 Aelmuasx'anaL
774 399 798 417 et
807 396 836 417 de
847 396 987 423 DominoJ.)

329 431 398 466 Est
415 432 580 467 liberum
603 432 792 468 infernale
813 440 853 468 et
874 440 933 468 est
960 433 1124 467 liberum
1151 433 1338 472 caeleste;
1364 433 1530 468 liberum
1557 432 1746 468 infernale

257 485 317 513 est
339 478 376 514 in
403 479 511 524 quod
538 479 660 514 homo
686 480 861 514 nascitur
885 491 907 514 a
934 480 1171 524 parentibus,
1191 487 1230 514 et
1252 481 1416 514 liberum
1439 481 1606 514 caeleste
1627 486 1686 515 est
1708 479 1747 514 in

256 526 363 571 quod
391 525 512 561 homo
539 526 775 562 reformatur
795 538 817 561 a
845 526 1030 561 Domino.
1083 527 1140 561 Ex
1165 527 1288 561 libero
1315 526 1494 561 infernali
1516 533 1575 561 est
1596 526 1748 561 homini

255 573 439 608 voluntas
462 573 564 613 mali,
583 584 695 607 amor
716 574 817 613 mali,
837 580 876 608 et
897 574 979 607 vita
1001 573 1113 614 mali;
1140 585 1187 608 ex
1209 573 1331 608 libero
1353 580 1483 608 autem
1506 573 1662 608 caelesti
1689 579 1751 608 est

256 619 407 654 homini
427 620 610 655 voluntas
629 620 733 659 boni,
753 631 864 655 amor
881 620 985 660 boni,
1005 627 1044 654 et
1062 620 1144 654 vita
1160 621 1275 660 boni:
1303 631 1391 654 nam
1412 627 1455 654 ut
1474 621 1580 664 prius
1599 618 1748 654 dicium

257 673 326 706 est,
342 667 536 706 voluntas,
552 677 663 701 amor
675 674 714 701 et
727 667 809 701 vita
822 667 994 702 hominis
1009 678 1130 701 unum
1151 667 1244 702 facit
1263 678 1351 701 cum
1364 667 1449 712 ejus
1463 667 1597 701 libero.
1649 666 1750 701 Sunt

258 713 323 748 illa
344 714 465 748 libera
490 714 563 748 sibi
590 714 784 759 opposita,
804 714 872 749 sed
900 725 979 748 non
1006 721 1168 759 apparet
1194 714 1433 759 oppositum,
1457 714 1530 748 nisi
1557 720 1748 759 quantum

257 760 379 795 homo
398 761 435 794 in
456 772 536 794 uno
551 767 661 795 estet
680 772 759 795 non
780 761 817 794 in
833 761 968 796 altero.
1012 760 1067 795 At
1077 761 1210 795 venire
1224 772 1247 795 a
1262 761 1384 795 libero
1400 760 1578 795 infernali
1598 761 1636 794 in
1655 760 1750 795 libe-

257 818 342 841 rum
363 808 540 847 caeleste,
558 818 636 842 non
656 814 787 852 potest
802 808 923 842 homo
942 807 1015 842 nisi
1035 815 1152 853 cogat
1170 819 1211 842 se
1230 808 1380 853 ipsum:
1406 818 1546 853 cogere
1565 818 1606 842 se
1622 807 1749 852 ipsum

257 860 316 889 est
335 854 515 889 resistere
535 855 638 889 malo
653 861 692 889 et
711 866 885 900 pugnare
904 862 1043 889 contra
1065 855 1159 889 illud
1182 855 1284 889 sicut
1310 866 1332 889 a
1357 866 1398 889 se
1421 855 1516 899 ipso,
1535 854 1604 889 sed
1627 865 1750 899 usque

258 901 465 946 implorare
486 901 700 936 Dominum
724 902 773 936 de
792 912 886 946 ope;
914 902 968 936 ita
990 908 1139 947 pugnat
1158 902 1279 936 homo
1300 913 1323 936 a
1343 901 1466 936 libero
1488 901 1594 946 quod
1617 907 1677 936 est
1702 912 1750 935 ex

259 947 432 983 Domino
455 948 617 982 interius
638 949 676 982 in
695 959 747 988 se,
766 955 905 983 contra
925 949 1090 983 liberum
1110 949 1217 994 quod
1239 956 1299 983 est
1325 949 1373 982 ab
1401 947 1553 983 inferno
1579 947 1750 982 exterius

258 995 297 1028 in
316 1006 368 1030 se.
420 995 597 1040 Apparet
616 995 681 1035 illi,
701 996 795 1029 dum
816 996 853 1029 in
874 1007 1005 1041 pugna
1023 1002 1092 1034 θεῖ,
1112 997 1217 1041 quod
1239 1007 1316 1030 non
1339 996 1504 1030 liberum
1531 995 1582 1030 sit
1603 1006 1651 1029 ex
1671 1005 1751 1040 quo

258 1048 418 1087 pugnat,
437 1043 505 1077 sed
525 1043 627 1076 sicut
653 1041 844 1082 coaeum,
865 1043 957 1088 quia
983 1050 1042 1077 est
1060 1050 1199 1077 contra
1218 1043 1255 1076 id
1275 1043 1440 1077 liberum
1459 1042 1566 1087 quod
1586 1041 1639 1076 illi
1658 1052 1752 1081 con-

258 1096 394 1123 natum
413 1096 493 1129 est;
520 1096 560 1123 at
578 1100 703 1134 usque
722 1097 782 1124 est
796 1090 973 1129 liberum,
985 1090 1173 1135 quoniam
1189 1089 1335 1135 alioqui
1349 1100 1427 1124 non
1444 1092 1636 1134 pugnaret
1650 1088 1752 1123 sicut

257 1147 305 1170 ex
326 1147 378 1171 se.
430 1136 507 1171 Sed
535 1136 699 1171 liberum
724 1137 887 1172 interius
914 1148 961 1171 ex
987 1147 1066 1182 quo
1088 1144 1248 1182 pugnat,
1270 1147 1462 1181 apparens
1489 1142 1533 1170 ut
1557 1134 1750 1175 coaeum,

258 1190 397 1228 postea
414 1183 584 1218 sentitur
597 1190 640 1217 ut
659 1183 835 1223 liberum,
850 1184 893 1218 fit
911 1184 1015 1218 enirn
1031 1183 1133 1227 sicut
1146 1183 1464 1222 involuntarium,
1477 1189 1750 1228 spontaneum,

257 1236 296 1264 et
316 1230 427 1275 quasi
448 1230 648 1270 innatum;
675 1231 942 1276 comparative
968 1231 1070 1265 sicut
1096 1230 1183 1276 quis
1204 1231 1311 1276 cogit
1332 1241 1492 1264 manum
1513 1230 1562 1264 ad
1581 1229 1753 1264 scriben-

259 1277 365 1317 dum,
385 1277 433 1311 ad
457 1277 739 1317 fabricandum,
762 1278 811 1312 ad
839 1278 1075 1323 pulsandum
1102 1277 1282 1317 chordas,
1301 1284 1369 1311 aut
1395 1288 1443 1311 ex
1463 1276 1681 1322 gladiatore
1702 1276 1751 1310 ad

260 1324 541 1364 dimicandum,
557 1331 695 1369 postea
714 1335 852 1359 manus
866 1331 906 1359 et
924 1324 1083 1359 brachia
1097 1325 1198 1359 sicut
1212 1335 1260 1359 ex
1278 1335 1319 1359 se
1337 1330 1377 1359 et
1390 1335 1461 1358 sua
1475 1330 1616 1369 sponte
1629 1330 1754 1369 agunt

258 1371 342 1406 illa:
363 1378 423 1406 est
441 1371 545 1406 enim
562 1378 656 1406 tunc
672 1371 709 1405 in
730 1372 846 1411 bono,
859 1372 952 1417 quia
965 1383 988 1406 a
1006 1372 1120 1411 malo,
1136 1383 1181 1406 ac
1198 1371 1393 1406 Dominus
1411 1371 1531 1405 ducit.
1581 1369 1753 1416 Quando

259 1419 381 1453 homo
400 1429 440 1453 se
459 1419 590 1464 coegit
607 1425 746 1453 contra
764 1419 928 1453 liberum
953 1418 1151 1458 infernale,
1171 1426 1267 1452 tunc
1281 1418 1390 1452 videt
1408 1424 1446 1452 et
1462 1417 1627 1463 percipit
1645 1417 1752 1462 quod

259 1465 423 1500 liberum
446 1465 633 1500 infernale
652 1465 703 1500 sit
721 1477 888 1505 servum,
905 1472 944 1500 et
958 1466 1064 1511 quod
1080 1466 1244 1500 liberum
1258 1465 1424 1500 caeleste
1442 1464 1494 1499 sit
1512 1464 1638 1509 ipsum
1658 1463 1753 1498 libe-

260 1524 356 1552 rum,
379 1512 471 1558 quia
499 1523 547 1547 ex
576 1512 761 1547 Domino.
814 1513 892 1547 Res
922 1513 959 1546 in
988 1523 1029 1547 se
1057 1513 1146 1547 talis
1177 1519 1246 1551 est,
1274 1512 1380 1557 quod
1409 1518 1600 1557 quantum
1631 1511 1753 1545 homo

259 1559 368 1605 cogit
397 1571 439 1594 se
469 1560 689 1594 resistendo
720 1560 843 1599 malis,
872 1566 1027 1594 tantum
1060 1566 1338 1594 removeantur
1367 1559 1416 1593 ab
1447 1558 1514 1593 illo
1543 1558 1753 1593 societates

261 1606 480 1646 infernales,
496 1617 586 1641 cum
601 1606 744 1652 quibus
758 1618 879 1640 unum
895 1607 987 1652 agit,
1001 1617 1046 1641 ac
1064 1618 1086 1641 a
1107 1606 1280 1641 Domino
1299 1605 1564 1640 introducitur
1579 1605 1615 1638 in
1629 1604 1753 1639 socie-

258 1660 361 1689 tates
387 1654 586 1693 caelestes,
605 1664 693 1688 cum
717 1654 859 1699 quibus
881 1665 1002 1687 unum
1029 1660 1130 1699 agat.
1182 1653 1377 1692 Vicissim,
1400 1652 1431 1687 si
1459 1652 1580 1687 homo
1609 1663 1688 1686 non
1712 1662 1754 1686 se

260 1700 387 1746 ipsum
410 1701 518 1746 cogit
539 1701 588 1735 ad
608 1700 870 1735 resistendum
894 1701 1016 1740 malis,
1036 1707 1170 1735 manet
1191 1701 1229 1734 in
1253 1700 1338 1734 illis.
1390 1699 1508 1745 Quod
1531 1699 1584 1733 ita
1604 1699 1666 1738 sit,
1686 1709 1762 1743 per,

259 1748 409 1793 plurem
429 1748 711 1792 experientiam
732 1748 770 1782 in
798 1748 946 1782 mundo
965 1747 1157 1792 spirituali
1180 1747 1275 1781 mihi
1299 1746 1491 1786 innotuit;
1521 1752 1606 1780 tum
1633 1745 1752 1780 etiam

259 1794 366 1840 quod
393 1806 462 1839 per
479 1794 578 1840 cogi,
598 1795 705 1840 quod
729 1794 772 1829 fit
799 1805 867 1840 per
888 1805 1045 1840 poenas,
1064 1801 1104 1829 et
1130 1801 1267 1840 postea
1293 1805 1361 1839 per
1381 1794 1564 1828 timorem
1588 1792 1752 1832 illarum,

261 1842 406 1876 malum
430 1853 509 1876 non
529 1842 698 1876 recedat.

331 1980 484 2024 1152.
528 1970 606 2010 “ft
630 1970 754 2009 vinum
785 1973 828 2010 et
854 1969 1222 2022 oleum.''——-Quod
1253 1969 1478 2022 significet
1508 1968 1670 2009 cultum
1699 1982 1755 2008 ex

259 2034 378 2075 veris
399 2041 440 2074 et
461 2034 583 2074 bonis
605 2048 715 2087 quae
734 2048 789 2074 ex
804 2034 973 2087 orzgrz'ne
988 2033 1165 2074 caelesti
1182 2041 1296 2082 sunt,
1317 2034 1623 2086 profanatum,
1643 2046 1752 2073 con-

260 2102 355 2135 stat
378 2109 437 2136 ex
460 2095 790 2148 significatione
815 2100 839 2116 “
857 2095 988 2143 vini,”
1011 2095 1131 2148 quod
1155 2097 1212 2136 sit
1235 2108 1389 2135 verum
1418 2106 1473 2142 (de
1488 2114 1552 2142 qua
1566 2105 1722 2142 sequitur)
1742 2108 1751 2144 ;

260 2161 306 2195 et
351 2169 410 2195 ex
447 2155 781 2208 significatione
816 2155 984 2203 “olei‚’'
1016 2155 1136 2208 quod
1177 2156 1236 2195 sit
1272 2155 1442 2194 bonurn
1479 2168 1538 2194 ex
1578 2155 1752 2206 origine

261 2215 450 2255 caelesti
473 2226 601 2263 (dequa
613 2225 916 2267 [supra],n.375).
963 2214 1098 2267 Quod
1114 2214 1574 2267 “Vinum''SlgnlfiCCt
1597 2226 1752 2254 Verum

261 2293 319 2320 ex
353 2280 524 2332 origine
556 2279 754 2328 caelesti,
783 2286 852 2320 est
886 2280 987 2332 quia
1019 2278 1305 2331 conjungitur
1335 2279 1405 2319 hic
1439 2291 1540 2318 cum
1575 2278 1754 2319 “oleo''

261 2343 380 2395 quod
414 2349 483 2383 est
515 2343 682 2383 bonum
715 2356 773 2382 ex
800 2342 876 2382 illa
901 2343 1096 2395 origine:
1134 2348 1238 2382 sunt
1270 2343 1388 2381 enim
1421 2343 1462 2381 in
1495 2342 1579 2381 hoc
1607 2355 1750 2389 versu,

259 2406 374 2446 sicut
402 2406 443 2445 in
473 2407 617 2458 priori,
644 2407 778 2458 paria,
804 2419 991 2459 quorum
1015 2418 1149 2445 unum
1176 2404 1396 2460 significat
1421 2405 1510 2445 tale
1537 2404 1656 2458 quod
1684 2410 1753 2444 est
1800 2440 1802 2442 .

259 2469 363 2516 veri,
379 2482 428 2508 ac
453 2469 644 2509 alterum
668 2469 787 2521 quod
807 2475 876 2509 est
899 2469 1018 2515 boni,
1033 2475 1268 2520 utrumque
1291 2482 1349 2508 ex
1372 2468 1531 2508 eadem
1554 2467 1751 2519 origine;

259 2532 363 2572 inde
382 2533 580 2585 sequitur
598 2532 716 2584 quod
735 2536 760 2551 “
774 2533 924 2571 vinum
938 2531 956 2546 ’'
971 2531 1192 2584 significet
1211 2544 1366 2571 verum
1385 2545 1442 2571 ex
1462 2531 1630 2582 origine
1649 2543 1752 2570 cae-

260 2594 375 2642 lesti,
405 2596 506 2648 quia
532 2595 718 2635 “oleum
731 2594 748 2609 ''
772 2594 993 2647 significat
1020 2595 1187 2634 bonum
1215 2608 1272 2633 ex
1301 2593 1376 2633 illa
1399 2594 1596 2646 origine;
1630 2592 1753 2645 quod

263 2657 483 2697 “vinum''
509 2658 551 2697 in
580 2657 734 2697 Verbo
761 2656 982 2710 significet
1008 2670 1175 2705 verum,
1205 2670 1281 2696 seu
1313 2657 1480 2696 bonum
1508 2654 1750 2708 spirituale,

258 2719 471 2758 videatur
507 2718 679 2771 [supra]
714 2730 759 2766 (n.
783 2718 878 2770 376)
901 2733 908 2768 ;
945 2731 1100 2758 verum
1132 2718 1251 2757 enim
1278 2731 1336 2757 ex
1363 2717 1535 2769 origine
1561 2715 1753 2756 caelesti

260 2780 473 2821 coincidit
500 2794 600 2820 cum
625 2780 745 2821 bono
771 2779 1012 2832 spirituali:
1047 2779 1249 2819 similiter
1272 2785 1340 2818 est
1364 2791 1464 2818 cum
1487 2777 1615 2827 oleo;
1647 2777 1749 2824 hoc,

260 2843 365 2883 dum
397 2842 663 2896 intelligitur
689 2843 837 2884 oleum
870 2841 1090 2884 unctionis
1121 2840 1389 2890 sanctitatis,
1419 2839 1641 2894 significat
1667 2839 1748 2891 bo-
