1962 3328
686 251 794 284 CAP.
815 251 912 292 xv„
922 251 1072 283 ‚VERS.
1099 250 1240 282 1.——-N.
1261 251 1357 294 929.
1651 241 1759 293 2485

277 372 326 407 et
342 365 458 406 'falsa
478 365 522 406 in
543 365 664 406 omni
687 365 944 418 complexu,
963 378 1076 418 quae
1090 377 1276 417 ,prorsus
1298 363 1591 404 devastarunt
1613 363 1760 404 eccle-

277 429 388 468 siam
411 428 558 481 quoad
581 429 731 468 omnia
751 427 871 468 bona
892 433 938 468 et
959 441 1065 467 vera
1086 426 1191 479 ejus.
1251 425 1496 479 Quomodo
1517 439 1544 466 a
1565 425 1763 466 Domino

277 488 563 530 manifestata
594 496 698 530 sunt
729 490 848 530 mala
878 496 925 530 et
955 489 1080 537 falsa,
1112 503 1227 542 quae
1258 501 1436 541 prorsus
1467 488 1762 528 devastarunt

276 553 528 602 ecclesiam,
552 553 819 593 describitur
839 553 883 592 in
909 552 1200 605 sequentibus
1219 551 1347 603 hujus
1372 551 1532 604 capitis
1561 550 1607 603 (a
1630 564 1762 590 versu

279 624 300 667 5
327 615 384 655 ad
410 614 470 668 8).
531 614 664 668 Quod
690 614 881 656 ecclesia
906 615 1052 668 quoad
1078 615 1228 655 omnia
1253 614 1373 654 bona
1398 620 1444 654 et
1469 627 1575 653 vera
1599 613 1760 653 devas-

277 684 375 719 tata
405 679 476 726 sit,
504 685 712 718 constare
743 684 897 730 potest
927 691 987 718 ex
1019 691 1087 725 eo,
1115 677 1235 730 quod
1267 676 1474 717 Ecclesia
1505 675 1761 717 Christiana

275 754 304 780 a
333 741 548 793 principio
578 739 672 793 ejus
697 741 838 780 divisa
869 741 928 781 sit
957 741 1002 780 in
1029 740 1153 788 duas,
1181 735 1367 793 quarum
1399 752 1486 779 una
1515 739 1559 778 in
1586 737 1761 789 Apoca-

275 802 397 855 lypsi
411 802 676 843 describitur
696 816 775 855 per
798 807 824 823 ‘⁴
838 802 1110 843 draconem’‘
1132 808 1179 842 et
1201 802 1328 842 binas
1352 799 1763 849 “bestias,'‘a1tera

275 878 383 905 vero
418 878 498 918 per
533 866 854 905 “meretricem
890 865 1162 905 insidentem
1201 865 1374 904 bestiae
1410 862 1679 904 coccineae”
1714 870 1762 903 et

275 940 355 980 per
380 927 716 980 “Babyloniam
733 927 767 978 ;”
797 927 875 967 illa
905 941 1018 981 quae
1049 927 1316 967 describitur
1340 940 1420 979 per
1447 925 1762 966 “draconem”

275 996 322 1030 et
352 989 479 1030 binas
505 989 597 1042 ejus
625 990 871 1038 “bestias,‘’
896 996 966 1031 est
997 989 1189 1030 ecclesia
1218 989 1337 1042 apud
1363 989 1677 1038 Reformatos;
1714 995 1761 1029 et

274 1053 351 1093 illa
371 1066 485 1106 quae
506 1053 772 1093 describitur
793 1066 870 1105 per
890 1056 916 1072 ‘⁴
929 1053 1211 1093 meretricem
1224 1052 1243 1067 ’¹
1259 1052 1383 1092 illam
1406 1058 1452 1092 et
1473 1065 1552 1104 per
1571 1055 1596 1071 ‘⁴
1610 1051 1761 1103 Baby·

276 1115 482 1164 loniam‚'’
495 1122 564 1155 est
580 1115 771 1156 ecclesia
787 1115 904 1167 apud
923 1114 1193 1155 Pontificios.
1238 1114 1446 1154 Ecclesia
1462 1113 1581 1166 apud
1600 1113 1759 1154 Refor-

275 1183 425 1218 matos
460 1178 700 1218 devastata
735 1183 804 1217 est
846 1190 924 1229 per
959 1177 1104 1217 solam
1140 1177 1289 1225 fidem,
1327 1183 1373 1217 et
1414 1177 1606 1217 ecclesia
1642 1177 1761 1228 apud

276 1239 533 1280 Pontificios
558 1253 636 1292 per
661 1240 906 1280 dominium
938 1253 1070 1292 super
1094 1241 1267 1279 animas
1292 1239 1524 1280 hominum
1551 1245 1598 1279 et
1629 1252 1762 1291 super

275 1302 462 1343 caelum.
537 1302 606 1342 De
646 1301 773 1355 hujus
813 1302 1029 1342 ecclesiae
1066 1302 1381 1342 devastatione
1421 1301 1570 1355 quoad
1610 1302 1762 1342 omnia

274 1365 394 1406 bona
414 1372 460 1406 et
483 1365 588 1405 inde
609 1379 727 1413 vera,
748 1365 898 1417 agitur
918 1365 963 1404 in
986 1378 1082 1418 cap.
1101 1365 1207 1404 xvii.
1227 1370 1274 1405 et
1296 1365 1430 1404 xviii:
1465 1370 1511 1405 et
1534 1364 1590 1405 de
1613 1364 1760 1405 eccle-

274 1428 366 1468 siae
397 1428 714 1468 devastatione
745 1428 863 1480 apud
896 1427 1185 1468 Reformatos
1216 1428 1445 1480 descripta
1475 1434 1546 1468 est
1581 1428 1625 1467 in
1661 1440 1758 1480 cap.

274 1491 351 1531 xii.
377 1497 424 1531 et
456 1491 567 1540 xiii.;
605 1496 651 1531 et
677 1490 863 1530 ulterius
888 1491 933 1530 in
964 1503 1061 1543 cap.
1088 1491 1194 1539 xvi„
1222 1503 1301 1543 per
1329 1493 1544 1543 “septem
1571 1489 1761 1543 angelos

273 1552 497 1594 habentes
524 1553 699 1606 phialas
730 1552 889 1606 plenas
914 1553 978 1592 ira
1009 1552 1132 1592 Dei.‘’
1192 1551 1327 1605 Quod
1354 1559 1540 1606 utraque
1566 1552 1760 1593 ecclesia

274 1616 423 1669 quoad
449 1616 599 1656 omnia
620 1616 739 1655 bona
765 1621 811 1656 et
837 1629 942 1656 vera
968 1629 1047 1668 per
1067 1615 1188 1655 mala
1213 1622 1259 1656 et
1285 1615 1397 1655 falsa
1418 1616 1659 1656 devastata
1685 1617 1758 1662 sit,

274 1684 486 1718 constare
518 1678 753 1718 manifeste
785 1684 940 1731 potest
972 1692 1032 1718 ex
1068 1692 1137 1726 eo,
1170 1678 1290 1731 quod
1326 1678 1403 1718 vix
1435 1677 1594 1731 aliquis
1625 1678 1760 1719 hodie

276 1741 391 1781 sciat
417 1741 537 1794 quod
569 1741 691 1781 Deus
718 1754 831 1780 unus
857 1741 928 1789 sit,
957 1747 1004 1781 et
1030 1741 1150 1794 quod
1182 1740 1265 1781 Ille
1293 1741 1351 1781 sit
1378 1741 1626 1790 Dominus;
1664 1748 1760 1782 tum

275 1803 381 1856 quid
412 1816 539 1843 amor
563 1804 607 1843 in
637 1803 895 1851 Dominum,
924 1810 970 1843 et
996 1803 1103 1856 quid
1128 1803 1327 1843 charitas
1353 1816 1461 1855 erga
1487 1805 1758 1856 proximum,

240 1891 245 1894 -
275 1872 323 1906 et
349 1866 452 1906 inde
479 1866 583 1919 quid
609 1866 728 1906 bona
750 1880 913 1919 opera;
945 1867 1083 1906 immo
1109 1865 1214 1919 quid
1236 1865 1347 1906 fides
1373 1866 1417 1905 in
1444 1879 1524 1906 sua
1546 1868 1757 1914 essentia,

274 1935 322 1968 et
346 1928 467 1981 quod
498 1941 588 1968 non
614 1927 725 1968 fides
756 1930 814 1969 sit
839 1941 973 1981 quam
998 1931 1169 1969 vocant
1192 1927 1354 1978 fidem;
1393 1934 1490 1968 tum
1519 1930 1624 1982 quid
1650 1943 1759 1970 con-

274 1991 477 2038 scientia,
515 1991 619 2044 quid
661 1991 848 2031 liberum
890 1991 1135 2039 arbitrium,
1173 1991 1278 2044 quid
1314 1993 1614 2044 regeneratio,
1654 1994 1759 2046 quid

274 2055 472 2095 tentatio
512 2054 765 2106 spiritualis,
803 2054 908 2107 quid
949 2053 1222 2106 Baptismus,
1265 2055 1369 2107 quid
1411 2053 1579 2094 Sancta
1620 2054 1757 2103 Cena,

276 2117 381 2170 quid
407 2116 582 2157 caelum
605 2123 650 2157 et
677 2117 909 2164 infernum,
933 2117 1065 2170 quale
1089 2117 1304 2165 Verbum,
1329 2124 1507 2169 praeter
1528 2118 1679 2170 plura;
1713 2126 1759 2159 et

276 2180 379 2233 quia
402 2193 492 2220 non
515 2180 592 2220 illa
613 2181 775 2228 sciunt,
799 2180 946 2220 latent
969 2180 1088 2219 bona
1110 2186 1156 2220 et
1179 2193 1299 2226 vera,
1319 2186 1365 2219 et
1387 2187 1605 2233 quantum
1629 2194 1758 2221 mun-

276 2243 397 2282 dana
417 2249 464 2283 et
487 2256 680 2295 coporea
702 2249 924 2290 amantur,
949 2249 1128 2282 tantum
1150 2242 1227 2282 illa
1247 2242 1596 2294 vilipenduntur,
1622 2244 1760 2284 immo

275 2304 547 2356 rejiciuntur,
580 2311 627 2345 et
664 2310 770 2345 tunc
803 2318 884 2357 pro
915 2305 1045 2344 bonis
1076 2306 1249 2345 intrant
1281 2304 1413 2352 mala,
1447 2311 1494 2345 et
1530 2319 1611 2358 pro
1642 2307 1759 2347 veris

274 2366 413 2417 salsa3
445 2367 510 2407 ita
534 2367 798 2407 devastatur
823 2367 1030 2407 ecclesia.

354 2443 489 2486 929.
529 2433 749 2478 “Quoniam
777 2433 817 2473 in
845 2434 927 2474 illis
956 2437 1234 2484 consummata
1262 2438 1331 2474 est
1360 2434 1425 2473 ira
1452 2434 1759 2488 Del.''—Quod

275 2497 499 2550 significet
520 2497 583 2538 sic
594 2497 733 2551 finem
753 2498 963 2546 ecclesiae,
988 2505 1170 2538 constat
1194 2513 1252 2538 ex
1276 2497 1605 2550 significatione
1630 2501 1759 2541 “irae

277 2560 401 2609 Dei‚’‘
415 2561 535 2614 quod
549 2562 606 2602 sit
625 2561 730 2601 dum
746 2575 835 2601 non
854 2561 1043 2614 amplius
1065 2562 1233 2601 bonum
1248 2567 1293 2601 et
1309 2574 1477 2609 verum,
1494 2563 1573 2602 sed
1591 2563 1758 2603 malum
1826 2616 1830 2619 1

277 2630 325 2664 et
350 2623 536 2674 falsum;
573 2623 701 2672 haec,
729 2625 830 2677 quia
861 2631 1021 2664 contra
1050 2624 1293 2664 Dominum
1320 2630 1366 2664 et
1398 2630 1558 2664 contra
1584 2625 1758 2666 caelum

277 2691 396 2734 sunt,
423 2692 645 2726 vocantur
672 2687 772 2726 “ira
804 2686 887 2727 Dei
908 2686 942 2736 ;”
978 2687 1081 2726 inde
1107 2699 1283 2739 quoque
1310 2693 1379 2726 est
1406 2687 1525 2739 quod
1551 2686 1758 2728 ultimum

277 2753 457 2800 tempus
474 2747 706 2796 ecclesiae,
726 2762 778 2788 ac
802 2748 1008 2788 ultimum
1021 2748 1234 2800 judicium
1257 2755 1380 2796 tunc,
1401 2749 1607 2789 dicantur
1626 2750 1758 2791 “dies

277 2807 408 2855 irae,'’
432 2809 918 2849 “excandescentiae'’
939 2816 985 2850 et
1010 2809 1273 2849 “vindictae
1296 2809 1414 2849 Dei‘’
1437 2821 1593 2857 (w‘deatur
1607 2830 1712 2859 supra,
1727 2831 1758 2851 n.

275 2877 395 2918 413);
426 2873 472 2908 et
494 2868 613 2921 quod
639 2869 703 2909 ira
720 2869 944 2909 tribuatur
962 2868 1175 2917 Domino,
1195 2882 1309 2922 quae
1327 2875 1482 2910 tamen
1505 2876 1575 2911 est
1598 2871 1728 2911 malis
1747 2885 1756 2921 ;
1799 2921 1802 2924 .
