1962 3328
262 243 373 295 2566
638 279 642 282 i
676 254 1007 287 APOCALYPSIS
1041 255 1338 287 EXPLICATA.

431 364 645 408 yroyandum
661 364 738 399 illos
754 365 787 399 in
797 365 993 409 proelium,''
1008 366 1167 407 significat
1184 368 1233 398 acl
1244 367 1459 398 excitandum
1475 368 1614 399 discidia
1630 372 1661 399 et
1666 372 1752 410 pug-

435 420 498 440 nas
513 415 627 440 contra
645 421 727 441 vera
744 412 837 452 apud
850 421 960 442 omnes
971 412 1032 452 qui
1046 412 1086 441 ab
1099 412 1227 442 ecclesia
1243 416 1324 442 sunt
1338 412 1388 454 [n.
1406 411 1507 454 1003]
1523 423 1532 450 ;
1559 411 1650 445 “dies
1661 412 1754 445 illivs

434 453 550 496 magni
568 453 663 496 [Dei]
681 454 946 496 omnipotentis?
959 454 1118 495 significat
1130 460 1253 487 statum
1262 461 1466 497 postremum
1479 457 1635 494 ecclesiae,
1647 467 1752 499 quan-

432 498 473 529 do
488 499 652 529 adventus
667 499 812 529 Domini
827 510 865 529 ac
882 500 1040 530 ultimum
1048 500 1221 541 judicium
1242 500 1293 543 [n.
1312 499 1427 542 1004].

283 569 333 605 ¹5·
367 563 474 597 “Ecce
493 565 588 598 venio
604 565 697 598 sicut
714 566 797 602 ἡνί’
813 563 973 607 signific'at
992 567 1176 598 adventum
1193 567 1346 605 Domini,
1363 572 1394 598 et
1412 568 1570 599 ultimum
1579 568 1754 610 judicium

437 609 487 651 [n.
510 609 632 652 1005];
660 609 802 642 “beatus
822 611 880 653 qui
898 609 1040 652 rl9IJat,'¹
1064 610 1223 651 significat
1238 616 1360 642 statum
1375 612 1510 654 filicem
1535 612 1670 643 illorum
1694 613 1756 654 qui

432 656 582 694 spec‘Zant
596 655 644 684 ad
657 654 844 685 Dominum
868 654 918 696 [n.
940 654 1042 696 1006]
1059 667 1067 692 ;
1095 657 1151 687 “et
1168 658 1289 688 serrat
1306 656 1507 688 restimenia
1524 656 1617 693 sua‚''
1633 656 1752 697 signifi-

434 702 485 728 cat
497 698 558 738 qui
568 698 698 728 vivunt
705 700 885 729 secundum
902 698 1040 730 Divina
1058 710 1136 729 vera
1150 700 1259 740 Ipsius
1272 700 1321 742 [n.
1340 700 1440 742 1007]
1455 711 1463 738 ;
1491 702 1550 733 “uf
1561 710 1627 733 non
1640 700 1754 734 nudus

433 742 612 778 ambuleff'
629 741 788 782 significat
807 753 848 772 ne
862 744 906 773 sit
923 743 1040 784 absque
1058 744 1157 781 veris,
1177 749 1208 774 et
1225 744 1302 774 inde
1318 744 1436 785 absque
1454 745 1534 775 bono
1557 745 1606 786 [n.
1628 744 1751 787 1008];

435 788 492 818 “et
516 785 652 872 ι’]ίόεαηΐ
671 786 837 829 pudorem
863 786 967 829 esus,''
981 787 1140 828 significat
1160 792 1190 818 et
1212 788 1290 818 inde
1306 788 1343 819 in
1362 789 1488 829 spurcis
1507 789 1675 820 amoribus
1701 789 1752 832 [n.

438 837 521 870 1009
547 854 554 861 .

283 894 332 927 16.
366 895 427 929 “ft
449 896 670 939 congregarit
692 896 769 930 illos
792 896 825 930 in
850 898 960 930 locum
980 897 1106 931 dictum
1131 896 1294 932 Hebraice
1313 898 1575 942 Armaqeddon,''
1594 899 1754 941 significat

431 945 554 971 statum
563 947 704 982 pugnae
718 943 870 984 exsalsis
888 947 1003 973 contra
1020 954 1114 981 vera,
1131 944 1316 975 oriundum
1335 955 1376 975 ex
1391 955 1503 976 amore
1517 945 1574 976 sui
1587 946 1682 986 apud
1696 945 1752 976 lto-

435 985 540 1016 mines
555 986 702 1016 ecclesiae
721 986 771 1029 [n.
793 985 908 1028 1010].

335 1098 474 1141 995.
516 1098 699 1137 [Vers.12.]
741 1089 819 1128 “ft
856 1093 1001 1129 sextus
1040 1091 1211 1142 anqelus
1249 1090 1390 1130 effudit
1420 1090 1598 1142 phialam
1636 1105 1753 1132 svam

257 1162 382 1202 super
409 1151 565 1192 fluvium
595 1165 782 1204 maqmzm
811 1152 1288 1204 Euphratem.”—Quod
1325 1153 1551 1205 significet
1582 1160 1751 1195 statum

255 1212 455 1253 ecclesiae
470 1213 805 1264 manifestatum
822 1214 971 1266 quoad
982 1213 1238 1262 rationalia,
1258 1221 1300 1254 et
1315 1214 1415 1254 inde
1429 1215 1578 1267 quoad
1589 1215 1752 1255 intelli-

251 1276 461 1327 gentiam,
483 1282 667 1317 constat
691 1290 749 1316 ex
774 1276 1103 1328 significatione
1123 1277 1311 1329 “angeli
1331 1277 1602 1318 effundentis
1621 1277 1750 1331 phia-

258 1337 390 1385 lam‚”
408 1338 529 1390 quod
549 1339 607 1377 sit
626 1343 776 1377 status
794 1337 1018 1377 ecclesiae
1038 1337 1356 1378 manifestatus
1375 1349 1423 1386 (ut
1436 1358 1531 1386 supra
1543 1349 1723 1387 aliquoties)
1742 1353 1751 1389 ;

257 1407 303 1440 et
335 1414 394 1440 ex
422 1400 757 1453 significatione
783 1399 1115 1453 “Euphratisss’
1141 1401 1261 1453 quod
1289 1402 1346 1441 sit
1377 1402 1602 1441 rationale
1621 1412 1676 1450 (de
1689 1421 1754 1449 qua

255 1483 360 1511 supra,
377 1483 407 1502 n.
429 1463 524 1515 569)
544 1478 552 1512 ;
580 1464 653 1516 qui
675 1469 867 1503 Vocatur
885 1468 909 1482 ‘⁴
925 1462 1082 1502 fluvius
1105 1463 1330 1515 magnus”
1346 1463 1403 1503 ab
1426 1464 1750 1516 intelligentia,

258 1542 371 1581 quae
413 1535 482 1568 est
527 1528 697 1568 homini
739 1542 798 1567 ex
841 1527 1066 1575 rationali,
1104 1528 1301 1567 “fluvius
1315 1527 1333 1542 ’'
1365 1529 1482 1568 enim
1526 1528 1751 1581 significat

257 1589 612 1641 intelligentiam
630 1599 789 1636 (videatur
802 1608 833 1628 n.
852 1590 965 1640 518):
991 1589 1138 1628 omnis
1154 1590 1273 1628 enim
1290 1589 1600 1642 intelligentia
1618 1596 1751 1630 natu-

257 1653 362 1693 ralis
403 1653 598 1693 hominis
641 1660 711 1694 est
753 1667 812 1693 ex
858 1653 1068 1693 rationali
1111 1652 1218 1705 ejus,
1259 1660 1328 1694 est
1370 1655 1487 1694 enim
1530 1654 1752 1695 rationale

259 1717 454 1757 medium
482 1718 599 1757 inter
626 1707 858 1769 spirituale
885 1723 930 1757 et
965 1716 1197 1765 naturale;
1231 1723 1277 1757 et
1305 1717 1407 1769 quia
1440 1724 1509 1758 est
1539 1718 1750 1766 medium,

259 1781 431 1833 excipit
465 1781 609 1833 primo
641 1779 859 1819 influxum
892 1794 951 1819 ex
990 1780 1208 1832 spirituali
1241 1780 1424 1828 mundo,
1459 1787 1504 1820 et
1537 1780 1751 1822 transfert

259 1843 301 1882 in
335 1842 615 1892 naturalem;
659 1842 763 1882 inde
800 1848 869 1882 est
902 1842 1021 1895 quod
1054 1850 1298 1895 antequam
1332 1843 1575 1895 spiritualis
1609 1856 1750 1891 mens,

259 1919 372 1958 quae
406 1905 648 1958 spiritualis
682 1905 819 1945 homo
851 1912 1053 1953 vocatur,
1089 1912 1243 1958 potest
1276 1907 1451 1958 aperiri,
1486 1913 1531 1946 et
1571 1906 1673 1946 dein
1706 1906 1749 1946 in

260 1975 461 2009 mentem
495 1968 748 2008 naturalem
783 1982 861 2020 per
897 1967 1021 2008 illam
1065 1969 1160 2008 dari
1202 1968 1410 2016 influxus,
1446 1969 1750 2009 excolendum

255 2034 317 2073 sit
341 2031 578 2079 rationale,
604 2032 723 2084 quod
751 2031 799 2072 fit
827 2045 904 2084 per
930 2031 1191 2079 scientifica,
1217 2045 1330 2084 quae
1353 2039 1456 2072 sunt
1484 2046 1590 2073 vera
1616 2039 1748 2073 natu-

259 2095 368 2136 ralia
390 2101 436 2135 et
463 2094 666 2142 moralia,
686 2100 732 2134 et
760 2108 837 2146 per
861 2095 1149 2146 cognitiones
1172 2095 1263 2134 veri
1288 2101 1334 2135 et
1359 2095 1463 2134 boni
1487 2109 1546 2135 ex
1570 2095 1750 2136 Verbo:

259 2172 337 2211 per
363 2158 472 2198 haec
497 2156 730 2197 rationalis
754 2170 881 2196 mens
905 2158 1100 2209 aperitur
1122 2157 1180 2196 ab
1206 2157 1315 2197 infra
1336 2171 1344 2206 ;
1378 2158 1459 2197 sed
1487 2164 1534 2198 ut
1561 2159 1751 2211 primum

261 2234 387 2261 mens
420 2219 664 2273 spiritualis
696 2226 854 2272 aperta
886 2227 970 2267 est,
1006 2227 1051 2260 et
1085 2220 1190 2260 inde
1223 2219 1271 2260 fit
1310 2220 1519 2268 influxus,
1554 2221 1752 2274 aperitur

262 2297 389 2324 mens
416 2282 648 2324 rationalis
671 2296 818 2335 supra,
843 2289 889 2322 et
916 2283 977 2322 sic
1006 2282 1228 2323 rationale
1257 2289 1304 2323 ut
1332 2283 1535 2323 medians
1562 2284 1749 2336 praebet

262 2347 516 2394 transitum,
546 2353 591 2386 et
625 2352 730 2386 tunc
765 2359 843 2398 per
874 2345 998 2385 illam
1031 2359 1158 2385 mens
1186 2346 1417 2394 naturalis,
1452 2347 1495 2385 in
1527 2360 1614 2399 qua
1646 2353 1751 2386 sunt

261 2408 508 2449 scientifica
531 2415 576 2449 et
600 2409 900 2461 cognitioneS,
925 2408 1243 2448 subordinatur
1267 2409 1407 2448 menti
1432 2408 1664 2461 spirituali,
1688 2409 1752 2449 ita

261 2471 389 2513 caelo
416 2479 461 2512 et
490 2472 700 2512 Domino.

259 2575 268 2598 (
272 2575 438 2596 Continuam
445 2574 475 2595 de
486 2574 562 2595 Sexto
572 2575 730 2600 Praecepto.)

333 2611 460 2645 Amor
473 2622 564 2645 vere
582 2610 817 2656 conjugialis
836 2617 896 2645 est
915 2621 937 2645 a
956 2610 1042 2645 solo
1063 2609 1248 2645 Domino.
1300 2609 1418 2656 Quod
1437 2621 1459 2645 a
1476 2610 1563 2645 solo
1579 2610 1753 2646 Domino

259 2659 322 2698 sit,
339 2665 400 2692 est
418 2658 510 2703 quia
528 2658 733 2692 descendit
752 2669 798 2692 ex
817 2668 950 2692 amore
968 2657 1129 2692 Domini
1148 2668 1240 2702 erga
1254 2658 1405 2692 caelum
1426 2664 1466 2692 et
1484 2658 1699 2697 ecclesiam,
1713 2665 1753 2692 et

261 2705 352 2739 inde
371 2716 419 2739 ex
433 2716 567 2739 amore
582 2705 675 2740 boni
694 2711 734 2740 et
750 2705 833 2739 veri
849 2717 855 2744 ;
885 2704 1080 2739 Dominus
1095 2704 1199 2738 enim
1216 2710 1276 2739 est
1294 2715 1317 2738 a
1334 2715 1414 2749 quo
1433 2705 1593 2744 bonurn,
1608 2711 1648 2739 et
1665 2715 1752 2739 cae-

260 2752 343 2786 lum
363 2758 402 2786 et
421 2752 585 2786 ecclesia
600 2759 692 2786 sunt
712 2752 750 2785 in
769 2752 911 2797 quibus
925 2763 1082 2791 verum;
1109 2751 1200 2785 inde
1220 2751 1398 2796 sequitur
1411 2752 1518 2796 quod
1537 2762 1648 2786 amor
1660 2762 1752 2786 vere

258 2799 494 2844 conjugialis
512 2799 563 2833 sit
590 2799 628 2832 in
655 2810 726 2833 sua
752 2799 877 2844 prima
895 2798 1067 2833 essentia
1087 2809 1199 2832 amor
1221 2798 1258 2831 in
1289 2797 1517 2833 Dominum.
1571 2798 1666 2833 Inde
1691 2805 1751 2833 est

259 2846 365 2891 quod
387 2856 504 2880 nemo
522 2846 648 2890 possit
668 2846 706 2879 in
725 2856 860 2880 amore
878 2857 969 2880 vere
988 2845 1202 2890 conjugiali
1221 2856 1316 2884 esse,
1337 2852 1376 2879 et
1396 2845 1433 2878 in
1456 2846 1541 2890 ejus
1562 2845 1749 2884 amoenis,

258 2892 454 2938 jucundis,
472 2892 597 2928 beatis
624 2899 664 2928 et
689 2893 854 2939 gaudiis,
874 2892 947 2928 nisi
974 2892 1041 2938 qui
1069 2893 1197 2927 solum
1227 2892 1442 2927 Dominum
1463 2892 1654 2938 agnoscit,
1675 2892 1751 2927 hoc
