1962 3328
302 295 414 350 2796
719 304 1051 338 APOCALYPsls
1084 305 1385 337 EXPLICATA.

302 419 354 453 ni.
398 418 546 453 Audivi
562 419 802 464 quandoque
816 418 978 464 spiritus
997 418 1206 463 loquentes
1222 417 1326 453 inter
1339 429 1391 458 se,
1407 424 1447 453 et
1462 429 1620 465 quoque
1636 429 1802 458 mecum,

301 473 382 501 tam
402 466 600 511 sapienter
618 474 661 500 ut
675 466 740 500 vix
758 466 923 511 angelus
942 466 1170 510 sapientius,
1189 473 1229 500 et
1247 476 1295 500 ex
1316 477 1364 500 eo
1385 466 1572 510 opinatus
1589 477 1675 501 sum
1694 466 1803 512 quod

302 514 411 548 brevi
437 513 703 548 eveherentur
725 513 762 547 in
790 513 965 553 caelum;
991 520 1032 547 at
1059 520 1149 557 post
1176 520 1335 558 tempus
1356 513 1436 547 vidi
1461 513 1547 548 illos
1573 524 1663 548 cum
1691 513 1804 548 malis

302 561 341 594 in
362 560 537 601 inferno;
562 561 669 606 quod
690 561 854 594 miratus
873 570 980 594 sum:
1006 561 1075 595 sed
1091 561 1227 594 datum
1244 567 1304 594 est
1318 567 1414 594 tunc
1431 561 1568 595 audire
1588 560 1676 595 illos
1691 571 1802 606 pror-

301 619 368 643 sus
398 608 512 642 aliter
543 608 761 653 loquentes,
790 618 869 641 non
898 618 987 641 curn
1009 607 1112 642 veris
1143 607 1216 652 [ut]
1249 607 1365 652 prius,
1388 607 1457 642 sed
1488 614 1628 642 contra
1658 607 1733 648 illa,
1755 619 1804 642 ex

301 666 420 690 causa
438 655 530 700 quia
549 665 653 689 nunc
672 661 784 689 erant
803 654 841 688 in
858 654 1038 699 propriae
1053 654 1271 689 voluntatis
1285 665 1419 689 amore
1437 661 1477 689 et
1495 654 1676 690 similiter
1689 655 1803 689 intel-

302 701 438 742 lectus,
459 702 566 747 prius
587 708 719 736 autem
748 713 828 736 non
856 702 894 735 in
915 702 993 736 illo.
1047 701 1194 736 Datum
1214 701 1333 736 etiarn
1361 708 1421 736 est
1439 702 1573 736 videre
1599 702 1804 747 quomodo

301 750 503 795 proprium
525 749 697 784 hominis
715 760 738 783 a
757 760 836 783 non
856 749 1016 794 proprio
1031 750 1117 794 ejus
1132 749 1407 795 distinguitur;
1434 749 1511 784 hoc
1525 749 1651 784 videri
1670 756 1804 794 potest

301 798 340 831 in
361 797 446 831 luce
473 796 590 831 caeli:
618 796 819 842 proprium
843 797 989 831 residet
1009 796 1182 836 interius,
1203 807 1282 831 non
1310 796 1512 841 proprium
1536 804 1668 831 autem
1695 803 1804 831 exte-

302 845 400 885 rius;
427 851 467 878 et
489 845 565 878 hoc
592 844 751 878 obvelat
774 843 880 882 illud,
901 851 940 878 et
967 854 1126 889 quoque
1152 843 1372 883 abscondit,
1396 854 1468 878 nec
1493 850 1657 889 apparet
1683 854 1802 889 quam

302 893 393 927 dum
414 891 593 926 velamen
614 891 709 925 illud
729 891 928 925 sublatum
948 898 1018 930 est,
1038 892 1146 944 quod
1169 891 1212 925 fit
1231 892 1334 935 apud
1352 901 1490 926 omnes
1510 898 1601 936 post
1620 898 1802 926 mortem.

303 938 580 974 Animadverti
607 939 726 973 etiam
758 938 866 983 quod
898 949 946 972 ex
982 938 1057 972 illis
1090 938 1186 973 visis
1220 946 1260 972 et
1294 938 1441 973 auditis
1476 940 1804 984 obstupescerent
1839 950 1843 954 ·

303 987 454 1040 plures;
485 986 554 1020 sed
574 993 686 1020 erant
705 985 759 1019 illi
778 986 844 1031 qui
872 996 920 1020 ex
939 986 1097 1030 loquela
1114 993 1154 1020 et
1175 996 1223 1020 ex
1249 985 1405 1031 scriptis
1422 986 1602 1039 judicant
1621 986 1670 1020 de
1697 992 1803 1020 statu

300 1034 455 1068 animae
475 1032 659 1072 hominis,
674 1039 714 1067 et
730 1043 809 1067 non
828 1033 944 1067 simul
963 1044 1011 1068 ex
1030 1031 1144 1068 fac‘lis
1162 1044 1263 1078 quae
1282 1040 1375 1067 sunt
1391 1033 1571 1078 propriae
1587 1033 1804 1068 voluntatis

302 1082 400 1126 ejus.
453 1080 510 1115 Ex
530 1080 591 1115 his
614 1087 723 1134 patet
745 1081 852 1125 quod
876 1081 977 1115 duae
1000 1080 1087 1115 illae
1109 1079 1318 1115 facultates
1336 1080 1442 1115 vitae
1467 1081 1572 1126 apud
1600 1080 1803 1116 hominem
1834 1115 1842 1123 ,

303 1128 473 1174 primum
494 1127 644 1162 divisae
662 1127 752 1162 sint.

371 1176 488 1209 Nunc
513 1175 669 1220 aliquid
689 1175 838 1209 dicetur
862 1175 907 1209 de
932 1177 1106 1209 unitzone
1125 1175 1286 1208 illarum
1292 1174 1557 1210 .—-Uniuntur
1581 1175 1687 1220 apud
1715 1175 1803 1210 illos

301 1223 368 1269 qui
388 1222 662 1262 reformantur,
683 1222 790 1267 quod
811 1222 854 1256 fit
874 1233 942 1267 per
961 1233 1133 1269 pugnam
1153 1229 1292 1257 contra
1311 1222 1414 1257 mala
1430 1223 1671 1263 voluntatis:
1701 1233 1803 1276 quae

301 1281 391 1305 cum
424 1277 577 1305 remota
607 1277 710 1309 sunt,
741 1270 926 1304 voluntas
958 1270 1051 1304 boni
1088 1281 1211 1304 unum
1242 1269 1324 1315 agit
1353 1280 1443 1304 cum
1475 1269 1679 1305 intellectu
1709 1269 1803 1305 veri.

304 1317 402 1353 Inde
423 1317 603 1363 sequitur
621 1317 728 1362 quod
748 1317 875 1362 qualis
894 1324 954 1351 est
972 1318 1157 1352 voluntas
1175 1317 1264 1351 talis
1283 1318 1334 1352 sit
1354 1316 1588 1357 intelleftus
1607 1328 1676 1352 seu
1695 1318 1803 1371 quod

303 1364 418 1404 idem,
439 1365 547 1410 quod
574 1365 700 1410 qualis
722 1371 782 1399 est
808 1375 920 1399 amor
940 1364 1030 1399 talis
1057 1365 1108 1399 sit
1134 1364 1347 1410 sapientia;
1378 1365 1486 1410 quod
1514 1365 1611 1400 haec
1637 1364 1726 1399 talis
1753 1364 1804 1399 sit

302 1412 430 1457 qualis
458 1412 532 1451 ille,
551 1419 611 1446 est
632 1412 725 1457 quia
750 1423 863 1446 amor
880 1412 1098 1447 voluntatis
1124 1418 1184 1447 est
1209 1423 1282 1446 esse
1299 1412 1404 1446 vitae
1431 1411 1615 1452 hominis,
1635 1419 1675 1446 et
1701 1412 1804 1457 sapi-

301 1460 410 1495 entia
437 1458 659 1494 intelleftus
681 1466 742 1494 est
767 1461 929 1493 existere
946 1459 1050 1494 vitae
1078 1459 1188 1498 inde:
1219 1470 1339 1504 quare
1361 1470 1473 1494 amor
1493 1459 1559 1504 qui
1582 1466 1642 1494 est
1663 1459 1804 1494 volun-

302 1507 397 1542 tatis
412 1507 557 1542 format
571 1517 612 1541 se
633 1506 671 1540 in
692 1505 915 1546 intelleftm
942 1506 1069 1541 forma
1083 1518 1200 1552 quam
1222 1507 1273 1541 ibi
1292 1506 1436 1552 accipit
1450 1514 1509 1542 est
1523 1517 1624 1552 quae
1639 1514 1805 1542 vocatur

303 1554 516 1600 sapientia:
547 1565 637 1588 nam
660 1554 752 1599 quia
773 1561 833 1589 est
861 1565 938 1588 una
958 1554 1131 1589 essentia
1151 1555 1317 1600 utrique,
1341 1561 1450 1599 patet
1475 1555 1583 1600 quod
1611 1554 1805 1599 sapientia

302 1602 354 1637 sit
385 1601 512 1636 forma
541 1601 687 1636 amoris
717 1612 786 1636 seu
817 1612 929 1636 amor
960 1601 998 1635 in
1030 1601 1167 1636 forma.
1234 1602 1451 1646 Postquam
1480 1601 1688 1637 facultates
1715 1601 1803 1636 illae

303 1660 372 1694 per
390 1649 714 1684 reformationem
744 1649 797 1683 ita
823 1649 958 1684 unitae
979 1656 1082 1688 sunt,
1101 1656 1196 1683 tunc
1224 1649 1351 1683 indies
1372 1649 1513 1684 crescit
1534 1660 1646 1683 amor
1662 1649 1803 1684 volun-

303 1696 409 1736 tatis,
441 1703 482 1731 et
511 1696 652 1731 crescit
686 1707 755 1741 per
785 1696 1044 1731 nutritionem
1075 1697 1319 1742 spiritualem
1351 1696 1389 1730 in
1422 1695 1644 1736 intelleftm
1683 1696 1804 1731 habet

302 1743 408 1778 enim
435 1755 545 1778 suam
573 1742 825 1778 affectionem
852 1743 933 1778 veri
964 1751 1004 1778 et
1030 1743 1123 1778 boni
1157 1744 1220 1783 ibi,
1247 1755 1347 1789 quae
1374 1751 1435 1778 est
1461 1743 1564 1778 sicut
1590 1744 1801 1789 appetitus,

302 1791 370 1836 qui
389 1791 512 1826 esurit
531 1798 571 1825 et
590 1791 799 1825 desiderat.
853 1790 910 1825 Ex
937 1791 997 1825 his
1024 1798 1134 1836 patet
1160 1792 1267 1836 quod
1286 1791 1470 1826 voluntas
1489 1791 1540 1826 sit
1558 1802 1659 1836 quae
1682 1790 1803 1826 refor-

305 1839 451 1873 manda
468 1845 546 1878 est;
578 1845 618 1872 et
644 1839 751 1883 quod
771 1838 874 1873 sicut
901 1838 966 1872 illa
992 1838 1205 1873 reformata
1229 1845 1299 1878 est,
1320 1837 1542 1873 intellectus
1560 1838 1704 1879 videat,
1726 1838 1803 1873 hoc

304 1893 375 1926 est
397 1886 543 1930 sapiat;
575 1896 676 1925 nam,
700 1893 743 1920 ut
769 1884 919 1920 dictum
946 1892 1017 1925 est,
1037 1886 1221 1920 voluntas
1247 1885 1448 1920 destructa
1473 1892 1543 1926 est,
1567 1897 1646 1920 non
1668 1892 1801 1920 autem

304 1931 540 1968 intellectus.
591 1932 787 1968 Voluntas
813 1939 854 1967 et
881 1931 1104 1968 intellectus
1126 1933 1245 1968 etiam
1273 1945 1396 1967 unum
1418 1933 1569 1967 faciunt
1594 1933 1699 1978 apud
1722 1943 1801 1967 non

303 1976 539 2015 reformatos
566 1991 634 2015 seu
662 1980 798 2020 malos,
817 1980 849 2014 si
878 1991 955 2014 non
981 1981 1019 2014 in
1048 1981 1198 2015 mundo
1219 1992 1343 2026 usque
1370 1987 1460 2034 post
1488 1987 1676 2021 mortem;
1711 1991 1802 2015 nam

303 2034 394 2073 post
421 2034 601 2067 mortem,
622 2038 701 2062 non
729 2027 821 2062 licet
843 2027 994 2062 homini
1022 2035 1070 2062 ex
1097 2027 1298 2062 intellectu
1321 2028 1495 2074 cogitare
1517 2038 1636 2073 quarn
1663 2038 1803 2063 secun-

303 2076 398 2109 dum
425 2085 602 2109 amorem
625 2085 718 2109 suae
736 2075 973 2110 voluntatis:
1003 2075 1172 2120 quisque
1198 2076 1246 2110 ad
1276 2075 1313 2109 id
1342 2075 1533 2120 redigitur
1550 2075 1733 2115 tandem:
1763 2082 1803 2110 et

303 2133 392 2157 cum
423 2120 604 2157 redactus
631 2129 701 2161 est,
720 2129 817 2157 tunc
842 2133 954 2157 amor
973 2123 1098 2157 malus
1116 2123 1334 2157 voluntatis
1356 2134 1467 2157 suam
1487 2122 1655 2157 formam
1683 2122 1803 2158 habet

304 2170 343 2204 in
363 2168 586 2210 intelleftm
613 2180 713 2215 quae
732 2169 869 2210 forma,
889 2170 982 2215 quia
1000 2177 1060 2205 est
1081 2181 1129 2205 ex
1147 2169 1255 2205 falsis
1275 2170 1377 2210 mali,
1396 2177 1456 2205 est
1479 2170 1640 2206 insania.

374 2297 522 2342 1171.
561 2289 639 2328 “Et
651 2288 865 2342 lonqinquo
883 2288 1324 2342 steterunt.''—Quod
1347 2289 1570 2342 significet
1589 2303 1701 2330 nunc
1717 2302 1801 2330 non

303 2354 368 2394 ita
399 2354 444 2393 z'n
480 2353 572 2394 z'llz's
597 2360 786 2406 propter
822 2354 1034 2403 timorem,
1068 2361 1250 2395 constat
1288 2368 1346 2394 ex
1383 2353 1710 2407 significatione
1740 2359 1802 2396 “e

304 2415 558 2468 longinquo
590 2414 753 2462 stare,''
776 2415 898 2468 quod
930 2416 987 2456 sit
1019 2416 1062 2455 in
1095 2416 1302 2455 externis
1334 2429 1435 2455 esse
1462 2426 1516 2463 (de
1531 2434 1596 2463 qua
1613 2426 1749 2465 [supra],
1770 2436 1802 2457 n.

309 2485 459 2529 1133);
493 2477 563 2518 hic
587 2478 739 2531 itaque
772 2491 864 2518 non
895 2478 939 2518 in
972 2477 1051 2518 illa
1076 2478 1201 2518 fatua
1225 2479 1465 2531 sapientia,
1490 2478 1803 2531 intelligentia

303 2548 350 2582 et
377 2543 565 2582 scientia
591 2556 703 2590 esse,
729 2557 788 2582 ex
815 2543 972 2595 quibus
999 2543 1118 2583 mala
1143 2549 1188 2583 et
1215 2543 1326 2583 falsa
1358 2541 1588 2584 doctrinae
1620 2550 1666 2584 et
1699 2544 1801 2584 reli-

304 2605 416 2658 giosi
449 2606 568 2657 prius
600 2605 993 2654 confirmaverunt,
1022 2612 1206 2659 propter
1237 2607 1474 2656 timorem;
1517 2607 1652 2647 timor
1683 2608 1802 2648 enim

306 2667 411 2708 facit
439 2675 486 2708 ut
510 2667 648 2708 homo
674 2669 787 2709 sicut
815 2669 978 2709 absens
1005 2669 1062 2709 ab
1089 2668 1174 2708 illis
1207 2670 1278 2717 sit,
1308 2669 1413 2709 dum
1441 2669 1564 2710 videt
1595 2669 1698 2711 illos
1729 2670 1803 2724 qui

305 2731 422 2771 tales
448 2731 625 2772 fuerunt
652 2733 794 2785 puniri
817 2739 863 2773 et
887 2733 1083 2773 cruciari.

305 2829 360 2851 (Co
352 2829 504 2853 nitnuatio.)

378 2866 458 2902 Illis
477 2867 745 2920 adjiciendum
772 2875 842 2908 est,
863 2869 927 2913 (1.)
964 2867 1083 2915 Quod
1102 2869 1168 2903 lux
1191 2868 1412 2904 intellectus
1438 2876 1530 2905 ante
1556 2869 1803 2904 reformatio-

304 2925 394 2948 nem
413 2914 464 2948 sit
485 2914 587 2949 sicut
609 2915 674 2949 lux
696 2915 812 2950 lunae
833 2916 938 2950 clara
954 2916 1172 2951 secundum
1192 2917 1441 2962 cognitiones
1459 2916 1539 2952 veri
1559 2924 1598 2951 et
1617 2916 1731 2955 boni:
1761 2923 1802 2951 at

305 2967 395 3006 post
425 2960 746 2997 reformationem
774 2962 876 2998 sicut
906 2963 972 2997 lux
998 2963 1102 3004 solis,
1121 2964 1225 2998 clara
1251 2964 1468 2999 secundum
1495 2963 1800 3009 applicationem
