1962 3328
626 258 734 291 cAP.
751 248 851 297 xv„
876 251 1026 288 vens:
1040 253 1185 297 3.-N.
1209 253 1306 296 937.
1598 250 1707 293 2493

228 373 288 415 ab
315 373 415 426 ipso
443 371 524 412 sed
554 384 634 424 per
662 370 808 422 ipsum
843 358 870 408 a
905 367 1105 407 Domino
1134 365 1325 405 fuerunt.
1387 362 1522 415 Quod
1553 362 1709 402 Moses

229 437 486 477 nominetur
509 431 591 487 pro
615 432 741 485 Lege
766 437 814 471 et
838 444 921 484 pro
945 429 1116 476 Verbo,
1143 433 1328 468 constat
1358 440 1385 466 a
1416 424 1710 478 sequentibus

230 499 343 540 locis
357 496 567 550 :—Apud
590 495 769 542 Lucam,

295 585 426 617 “Dixit
440 584 492 615 illi
507 583 701 619 Abraham,
716 581 863 612 Habent
880 579 1010 611 Mosen
1027 586 1063 610 et
1080 579 1289 618 Prophetas,
1301 577 1473 608 audiunto
1489 576 1571 607 illos
1584 586 1608 606 :.
1623 599 1631 606 .
1644 599 1651 605 .
1666 574 1711 605 ,si

402 627 532 660 Mosen
545 633 581 658 et
598 626 796 666 Prophetas
812 634 885 655 non
898 624 1058 660 audiunt,
1070 632 1137 654 nec
1153 623 1184 653 si
1200 621 1278 662 quis
1290 631 1336 652 ex
1349 620 1498 651 mortuis
1512 627 1714 650 resurrexe-

402 667 459 709 rit,
477 670 783 711 persuadebuntur
791 667 811 679 '¹
826 667 909 707 (xvi.
926 675 979 706 29,
996 666 1073 705 31);

230 755 303 795 hic
327 767 407 807 per
429 752 629 792 “Mosen
653 757 700 791 et
725 749 977 802 Prophetas
988 748 1008 763 ”
1030 746 1174 788 simile
1196 745 1466 798 intelligitur
1487 743 1609 797 quod
1634 756 1715 796 per

234 816 445 875 “Legem
474 821 523 856 et
554 812 834 867 Prophetas”
858 812 979 858 alibi,
1007 823 1169 863 nempe
1195 809 1398 850 Verbum
1430 807 1712 847 Historicum

232 885 280 921 et
304 878 633 931 Propheticum.
692 875 831 928 Apud
856 874 1063 921 eundem,

302 966 408 1009 Joeus
427 965 627 1005 “incipiens
645 974 668 995 a
692 963 795 995 Mose
818 970 854 994 et
876 964 922 993 ab
944 962 1112 992 omnibus
1132 961 1331 1001 Prophetis,
1352 957 1640 999 111interpretatus
1659 965 1715 989 est

404 1010 441 1040 in
458 1010 623 1040 omnibus
640 1007 829 1047 Scripturis
846 1016 935 1047 quae
951 1006 997 1036 ad
1015 1005 1136 1046 Ipsum
1154 1005 1372 1044 pertinerent
1382 1003 1402 1015 ''
1417 1003 1528 1042 (xxiv.
1547 1000 1659 1042 [²127);

233 1085 352 1140 apud
379 1084 589 1132 eundem,

298 1154 481 1195 “Oportet
496 1152 634 1193 impleri
647 1152 768 1182 omnia
779 1160 871 1191 quae
886 1150 1018 1190 scripta
1033 1156 1117 1181 sunt
1132 1150 1168 1180 in
1186 1149 1282 1189 Lege
1297 1148 1411 1179 Mosis
1423 1154 1460 1179 et
1477 1147 1667 1188 Prophetis
1679 1153 1716 1178 et

408 1197 559 1228 Psalmis
574 1196 619 1226 de
636 1194 696 1226 Me
707 1194 727 1206 '³
742 1195 849 1234 (xxiv.
865 1194 943 1233 44);

234 1272 352 1327 apud
380 1271 648 1320 Joluznnem,

307 1342 492 1382 Philippus
507 1341 605 1377 dixit,
624 1340 767 1381 “Quem
786 1340 927 1380 scripsit
946 1338 1071 1370 Moses
1090 1339 1127 1370 in
1148 1338 1269 1378 Lege„
1283 1362 1291 1369 .
1304 1362 1312 1369 .
1326 1337 1546 1369 .invenimus
1561 1335 1684 1378 Jesum
1697 1334 1717 1348 ''

405 1386 440 1424 (i·
457 1383 535 1423 ‘³¹46
553 1382 612 1426 [B-
625 1385 671 1415 A·
682 1381 780 1424 45]);

235 1460 354 1514 apud
378 1459 586 1506 eundem,

553 1523 573 1537 ‘⁴
585 1521 627 1553 In
645 1521 739 1562 Lege
757 1520 881 1552 Moses
898 1521 1003 1552 nobis
1019 1519 1227 1560 praecepit”
1243 1519 1327 1558 (viii.
1343 1519 1396 1558 5);

235 1591 356 1645 apud
379 1591 620 1639 Danielem,

300 1661 486 1693 “Defluxit
503 1670 610 1700 super
627 1670 695 1691 nos
714 1657 916 1693 maledictio
935 1665 971 1690 et
988 1658 1239 1698 juramentum,
1259 1658 1355 1698 quod
1373 1657 1543 1697 scriptum
1562 1657 1599 1688 in
1621 1656 1716 1697 Lege

409 1704 523 1735 Mosis
534 1704 628 1735 servi
646 1703 722 1740 Dei,
735 1703 819 1743 quia
833 1703 1056 1743 peccavimus
1071 1702 1155 1741 Ipsi.
1185 1726 1193 1732 .
1208 1726 1216 1732 .
1228 1726 1237 1732 .
1252 1702 1364 1732 .Sicut
1380 1702 1551 1741 scriptum
1567 1701 1604 1732 in
1622 1700 1719 1740 Lege

408 1747 532 1785 Mosis,
549 1757 656 1778 omne
671 1747 822 1778 malum.
835 1746 951 1778 ‚venit
966 1755 1074 1786 super
1090 1755 1156 1776 nos
1168 1744 1187 1756 ’⁷
1204 1746 1264 1784 (ix.
1284 1744 1409 1784 11,.13)
1423 1754 1432 1782 ;

237 1823 356 1877 apud
380 1822 640 1871 Josclzuam,

300 1891 502 1933 jehoschua
516 1893 657 1932 scripsit
672 1901 779 1932 super
794 1891 912 1932 lapide
927 1891 1049 1922 altaris
1067 1891 1233 1930 “copiam
1252 1889 1359 1930 Legis
1376 1889 1491 1921 Mosis
1501 1888 1520 1900 ’¹
1536 1889 1623 1928 (viii.
1640 1888 1719 1927 32);

237 1971 356 2025 apud
375 1970 641 2019 Johannem,

303 2039 457 2072 “Moses
483 2040 580 2070 dedit
602 2039 705 2070 vobis
733 2038 876 2079 Legem.
927 2063 936 2070 .
950 2063 979 2070 ..
993 2037 1132 2069 ‚Moses
1155 2037 1254 2068 dedit
1276 2038 1379 2067 vobis
1403 2035 1719 2067 circumcisionem.

415 2107 424 2115 .
438 2107 446 2115 .
458 2108 467 2114 .
481 2083 534 2114 ‚si
550 2082 851 2114 circumcisionem
867 2082 994 2121 accipit
1009 2081 1118 2112 homo
1134 2081 1172 2111 in
1189 2081 1381 2117 Sabbatho,
1394 2080 1444 2111 ita
1458 2085 1497 2110 ut
1513 2088 1587 2110 non
1603 2078 1722 2109 solva-

410 2133 467 2158 tur
483 2126 556 2157 Lex
572 2125 715 2157 Mosis”
730 2125 802 2165 (vii.
821 2134 871 2165 19,
890 2133 941 2162 22,
958 2124 1015 2165 23)
1030 2134 1039 2163 ;

239 2201 359 2255 apud
380 2201 599 2249 Marcum,

365 2273 384 2285 ¹¹
394 2271 514 2302 Moses
530 2271 628 2309 dixit,
646 2270 797 2302 Honora
811 2276 948 2311 patrem
965 2276 1064 2301 tuum
1080 2276 1117 2301 et
1132 2277 1284 2300 matrem
1301 2275 1399 2300 tuam
1409 2267 1429 2279 ”
1445 2267 1518 2307 (vii.
1538 2267 1602 2307 10).

241 2356 358 2410 Quia
386 2358 445 2398 ob
467 2357 930 2410 repraesentationem
956 2356 1165 2396 tribuitur
1191 2346 1309 2395 Mosi
1335 2354 1455 2407 quod
1488 2367 1567 2406 per
1593 2353 1719 2393 illum

239 2433 268 2460 a
293 2420 502 2467 Domino,
525 2420 627 2460 ideo
652 2419 814 2460 dicitur
838 2425 886 2459 et
909 2418 1050 2459 “Lex
1076 2417 1251 2458 Mosis‘’
1272 2424 1319 2457 et
1343 2416 1481 2456 “Lex
1507 2415 1692 2456 Domini
1702 2415 1722 2430 ’'

240 2483 359 2536 apud
382 2482 560 2530 Lucam,

306 2564 603 2604 “Cum..impleti
630 2570 714 2596 sunt
739 2564 815 2595 dies
843 2563 1096 2604 purificationis
1124 2563 1266 2593 illorum
1299 2561 1399 2601 juxta
1430 2560 1562 2600 Legem
1595 2560 1721 2598 Mosis,

412 2609 632 2639 deduxerunt
653 2607 773 2647 Ipsum
796 2607 834 2638 in
861 2606 1176 2646 Hierosolymam..
1191 2630 1199 2636 .
1212 2605 1527 2645 ‚quemadmodum
1551 2604 1722 2644 scriptum

412 2658 467 2682 est
485 2651 523 2682 in
543 2651 636 2690 Lege
654 2650 810 2687 Domini,
828 2651 921 2690 quod
941 2650 1059 2680 omnis
1077 2649 1254 2679 masculus
1271 2648 1435 2687 aperiens
1453 2654 1603 2683 uterum,
1621 2657 1724 2678 sanc-

413 2701 487 2725 tum
513 2694 669 2725 Domino
693 2694 884 2729 vocandus,
903 2700 939 2723 et
962 2693 1088 2723 darent
1107 2691 1328 2726 sacrificium.
1349 2690 1450 2729 juxta
1468 2690 1563 2730 quod
1586 2688 1720 2720 dic'lum

413 2738 449 2768 in
475 2737 568 2777 Lege
594 2736 750 2773 Domini,
770 2746 834 2777 par
856 2743 1041 2772 turturum,
1061 2742 1096 2766 et
1120 2735 1209 2765 duos
1234 2734 1352 2774 pullos
1375 2733 1620 2764 columbarum
1634 2732 1653 2743 ’'
1672 2733 1721 2771 (ii.

414 2788 531 2819 22-24‚
548 2780 614 2820 39)-

245 2860 362 2915 Quia
390 2861 542 2902 Moses
572 2860 942 2914 repraesentabat
975 2859 1163 2912 Legem,
1198 2858 1321 2898 licuit
1358 2857 1421 2898 illi
1458 2858 1625 2898 intrare
1660 2857 1718 2897 ad
