1962 3328
216 234 325 277 2502
631 233 959 267 APOCALYPSIS
990 233 1286 266 EXPLICATA.

214 360 315 388 cum
356 346 443 388 illis
485 348 793 401 comparative
835 354 905 389 est
951 348 1066 388 sicut
1111 345 1365 400 conjunctio
1407 346 1555 387 mariti
1597 359 1697 386 cum

214 423 370 456 uxore,
409 410 577 450 bonum
618 412 783 450 amoris
824 411 942 450 enim
984 411 1048 450 ita
1089 409 1336 462 conjungit,
1375 409 1478 449 ideo
1520 409 1695 455 dicitur,

217 472 556 526 “Desponsabo
593 479 639 514 te
677 473 788 513 Mihi
823 473 868 513 in
899 472 1075 526 justitia
1113 478 1159 512 et
1192 471 1358 524 judicio
1376 471 1409 521 ;”
1449 484 1500 511 ac
1538 471 1700 510 dicitur

217 535 455 587 “justitia''
483 537 625 588 primo
653 535 768 584 loco,
797 542 843 576 et
873 535 1149 588 “judicium'’
1172 535 1384 581 secundo,
1409 534 1511 587 quia
1536 533 1599 573 illi
1626 534 1699 586 qui

213 598 257 637 in
284 598 404 638 bono
430 599 594 638 amoris
620 599 663 637 in
692 598 936 638 Dominum
962 604 1081 645 sunt,
1110 597 1172 637 illi
1199 598 1336 637 etiarn
1366 597 1410 636 in
1436 597 1551 636 veris
1577 602 1696 642 sunt,

215 674 273 700 ex
301 660 421 700 bono
443 661 560 700 enirn
584 661 739 700 vident
765 660 868 710 illa;
902 661 1003 713 quia
1028 659 1270 712 “justitia”
1293 660 1454 699 dicitur
1480 659 1535 699 de
1561 658 1696 706 bono,

213 735 265 763 ac
296 722 546 775 “judicium
559 722 577 737 ’³
605 723 660 763 de
687 737 807 770 vero,
835 723 937 763 ideo
964 723 1102 763 etiam
1127 723 1303 770 dicitur,
1335 723 1415 761 “in
1448 722 1698 762 misericor-

215 785 319 825 dia”
351 792 396 826 et
432 786 515 825 “in
547 787 741 826 veritate
763 785 796 835 ;”
835 786 1138 826 misericordia
1169 786 1305 825 etiam
1337 791 1407 825 est
1442 784 1562 833 boni,
1596 785 1699 837 quia

213 854 282 888 est
309 849 488 888 amoris.
557 847 695 901 Apud
720 848 952 896 Davidem,

278 935 476 977 “Jehovah.
498 936 533 966 in
555 936 699 967 caelis..
713 942 805 967 ..est
824 936 961 976 justitia
980 942 1040 967 tua
1063 936 1152 967 sicut
1171 941 1313 967 montes
1339 935 1415 973 Dei,
1436 941 1470 967 et
1488 935 1619 976 judicia
1639 942 1699 967 tua

386 980 475 1010 sicut
493 981 643 1020 abyssus
661 979 821 1019 magna''
839 980 911 1020 (Ps.
929 980 1046 1011 xxxvi.
1065 980 1094 1017 6,
1114 980 1165 1019 7):

213 1066 455 1119 “justitia”
478 1068 639 1108 dicitur
661 1068 717 1108 de
741 1068 906 1108 Divino
933 1067 1074 1114 Bono,
1100 1081 1234 1121 quare
1259 1073 1546 1120 comparatur
1567 1080 1697 1107 mon-

211 1131 329 1171 tibus
357 1130 455 1179 Dei,
480 1144 585 1170 nam
612 1144 689 1184 per
713 1134 930 1171 “montes
959 1130 1074 1171 Dei''
1096 1130 1404 1183 significantur
1427 1130 1546 1171 bona
1570 1143 1697 1171 amo-

210 1193 268 1232 ris
291 1202 449 1240 (videatur
463 1202 597 1240 [supra‚]
614 1202 848 1244 n.405[a-s],
863 1202 954 1244 510,
969 1193 1139 1244 83o[a]);
1176 1205 1227 1232 ac
1244 1192 1443 1245 “judicia
1455 1191 1475 1206 ’'
1487 1192 1699 1232 dicuntur

211 1257 267 1297 de
300 1256 474 1296 Divinis
497 1258 625 1305 veris,
654 1271 790 1310 quare
825 1263 1145 1309 comparantur
1171 1256 1335 1308 abysso
1362 1269 1569 1308 magnae,
1594 1269 1698 1296 nam

211 1333 290 1372 per
310 1320 561 1372 “abyssum
585 1333 798 1372 magnam
811 1319 830 1335 ’'
849 1319 1126 1372 significatur
1150 1319 1360 1359 Divinum
1379 1318 1562 1359 Verum.
1622 1318 1698 1359 Ex

211 1383 278 1422 his
310 1395 426 1422 nunc
454 1389 663 1422 constare
697 1389 851 1435 potest
878 1382 997 1435 quod
1030 1396 1107 1435 per
1136 1381 1363 1434 “judicia”
1389 1381 1699 1434 significentur

211 1445 375 1486 Divina
410 1458 528 1485 vera.
604 1444 760 1485 Multis
803 1445 846 1485 in
889 1445 999 1485 locis
1040 1442 1083 1484 in
1116 1444 1271 1484 Verbo
1313 1445 1450 1484 etiam
1490 1444 1699 1484 dicuntur

215 1507 452 1560 “judicia,“
482 1507 792 1560 “praecepta'’
819 1514 865 1548 et
896 1512 1110 1547 “statuta
1128 1507 1160 1557 ;”
1192 1520 1243 1547 ac
1275 1507 1333 1547 ibi
1366 1520 1443 1559 per
1471 1505 1697 1558 “judicia''

210 1570 520 1623 significantur
561 1570 686 1622 leges
728 1570 896 1618 civiles,
935 1584 1013 1623 per
1051 1569 1369 1622 “praecepta'’
1410 1569 1535 1621 leges
1576 1570 1698 1609 vitae

210 1633 466 1686 spiritualis,
495 1646 545 1673 ac
573 1647 650 1686 per
679 1633 922 1673 “statuta”
950 1633 1074 1685 leges
1101 1632 1261 1672 cultus.
1324 1630 1458 1684 Quod
1481 1643 1566 1684 'per
1593 1631 1696 1684 “ju-

211 1696 358 1737 dicia''
389 1695 698 1748 significentur
730 1696 856 1748 leges
888 1696 1055 1744 civiles,
1090 1701 1273 1735 constat
1306 1709 1364 1735 ex
1395 1694 1564 1743 Exodo,
1598 1707 1696 1748 cap.

210 1759 323 1807 xxi„
356 1759 482 1808 xxii„
517 1759 659 1805 xxiii„
699 1759 771 1799 ubi
809 1759 886 1798 illa
922 1773 1035 1812 quae
1073 1759 1131 1799 ibi
1167 1758 1439 1798 mandantur
1472 1756 1698 1810 “judicia’'

212 1829 446 1871 vocantur,
475 1823 577 1875 quia
608 1836 667 1862 ex
693 1822 780 1862 illis
806 1821 974 1862 fiebant
997 1822 1162 1874 judicia
1187 1835 1213 1861 a
1232 1821 1454 1873 judicibus
1480 1821 1524 1861 in
1555 1821 1698 1873 portis

213 1885 412 1935 urbium;
446 1885 524 1925 sed
548 1899 686 1938 usque
709 1885 868 1925 eadem
891 1884 967 1924 illa
989 1884 1244 1937 significant
1269 1884 1432 1923 Divina
1449 1897 1568 1931 vera,
1588 1897 1697 1936 qua-

211 1947 273 2002 lia·
292 1954 396 1988 sunt
418 1948 461 1988 in
479 1961 621 2000 regno
640 1947 857 2000 spirituali
882 1947 1063 1988 Domini
1087 1948 1130 1987 in
1148 1946 1296 1994 caelis,
1318 1947 1555 1986 continent
1578 1947 1697 1986 enim

212 2010 290 2050 illa
321 2011 364 2050 in
397 2023 530 2050 sensu
557 2010 788 2062 spirituali,
817 2016 865 2050 ut
891 2016 1101 2050 constare
1128 2015 1280 2062 potest
1307 2009 1363 2049 ab
1389 2008 1696 2061 explicatione

212 2071 393 2111 illorum
419 2072 462 2111 in
486 2071 687 2111 Ananis
716 2070 753 2112 C
754 2071 992 2111 aelestz'bus
1019 2081 1064 2119 (n.
1078 2082 1694 2119 8971-9103‚9124-9231‚9247-9348)·

215 2131 348 2185 Quod
390 2132 515 2185 leges
557 2132 675 2185 apud
715 2131 830 2172 filios
873 2132 1050 2172 Israelis
1091 2130 1211 2172 dicta
1251 2132 1412 2172 fuerint
1457 2130 1696 2183 ‘,‘judicia‚”

218 2195 529 2249 “praecepta”
552 2201 598 2236 et
624 2195 876 2244 “statuta‚’'
898 2201 1082 2236 constat
1104 2209 1162 2235 ex
1186 2194 1475 2248 sequentibus
1502 2193 1612 2234 locis
1629 2207 1697 2234 :—

214 2257 353 2312 Apud
376 2258 544 2308 Mosen,

277 2348 295 2361 “
308 2347 447 2388 Loquar
466 2348 510 2378 ad
530 2353 563 2378 te
584 2347 706 2378 omnia
725 2353 921 2387 praecepta,
940 2352 1072 2378 statuta
1091 2352 1126 2378 et
1141 2346 1282 2387 judicia,
1301 2356 1390 2387 quae
1410 2346 1551 2377 docebis
1571 2355 1643 2383 eos,
1661 2351 1698 2376 ut

385 2391 516 2422 faciant
532 2401 575 2422 ea
585 2390 602 2402 ’'
619 2391 754 2431 (Deutr.
772 2401 804 2422 v.
823 2391 862 2421 28
883 2389 941 2432 [B.
958 2392 1003 2422 A.
1022 2388 1113 2432 31]);
1468 2405 1471 2410 ·

215 2467 333 2520 apud
360 2467 567 2516 eundem,

279 2541 409 2572 “Haec
429 2547 511 2573 sunt
532 2547 727 2581 praecepta,
749 2546 880 2572 statuta
899 2547 934 2572 et
953 2540 1091 2581 judicia,
1113 2551 1201 2581 quae
1221 2540 1399 2581 praecepit
1418 2539 1579 2582 Jehovah
1601 2538 1697 2571 Deus

385 2591 502 2615 vester
518 2585 562 2616 ad
579 2585 776 2616 docendum
794 2594 859 2616 vos
869 2583 887 2596 ¹'
904 2584 1038 2624 (Deutr.
1056 2585 1099 2616 vi.
1119 2585 1170 2624 1);

215 2659 334 2714 apud
361 2660 568 2708 eundem,

279 2734 395 2766 “Ideo
419 2735 597 2766 custodies
622 2741 819 2775 praecepta,
839 2740 973 2766 statuta
995 2740 1031 2765 et
1053 2734 1194 2774 judicia,
1220 2743 1307 2775 quae
1333 2733 1409 2775 Ego
1433 2734 1611 2775 praecipio
1637 2735 1699 2766 tibi

386 2778 491 2809 hodie
508 2779 552 2809 ad
570 2778 770 2810 faciendum
788 2777 877 2809 i11a”
894 2778 1028 2818 (Deutr.
1046 2778 1103 2809 vii.
1122 2777 1195 2818 11);

213 2853 332 2908 apud
357 2853 588 2903 Davidem,
