1962 3328
327 266 439 316 2t78
742 274 1073 307 APOCALYPSIS
1105 275 1403 307 EXPLICATA.

358 301 378 317 -Ι

324 384 438 424 boni;
469 385 635 429 proinde
655 391 698 419 ut
717 385 880 420 maritus
899 385 950 420 sit
967 397 1116 425 verum,
1135 392 1174 420 et
1201 397 1300 421 uxor
1317 386 1367 421 sit
1385 387 1546 427 bonum,
1566 387 1622 422 ita
1638 393 1683 422 ut
1700 388 1817 423 ambo

325 431 404 465 sint
422 443 559 466 verum
580 439 619 466 et
638 433 786 466 bonurn
809 433 846 466 in
866 432 1002 472 forma,
1018 443 1118 478 quae
1137 433 1264 468 forma
1282 439 1342 468 est
1361 434 1492 473 homo,
1513 441 1552 469 et
1571 434 1703 480 imago
1723 435 1816 470 Dei:

324 485 364 513 et
383 479 475 523 quia
493 490 515 512 a
532 479 732 513 creatione
751 486 811 514 est
834 486 877 513 ut
894 491 1030 514 verum
1052 479 1119 514 fiat
1137 480 1240 520 boni,
1260 491 1306 514 ac
1324 481 1471 514 bonum
1490 481 1584 521 veri,
1604 481 1659 516 ita
1677 488 1817 517 mutuo

324 533 364 560 ct
383 525 567 565 vicissim,
585 525 674 560 ideo
693 537 772 560 non
792 533 924 570 potest
943 527 1026 560 dari
1046 538 1168 560 unum
1182 538 1319 562 verum
1339 528 1494 561 unitum
1515 528 1670 563 duobus
1688 529 1817 564 diver-

323 572 377 606 sis
396 573 520 612 bonis,
536 579 575 607 et
590 573 783 612 vicissim:
813 584 884 607 nec
900 580 1032 618 potest
1051 574 1134 607 dari
1150 585 1251 609 unus
1271 573 1495 609 intellectus
1514 575 1648 610 unitus
1664 575 1816 610 duabus

324 620 487 654 diversis
513 620 796 659 voluntatibus,
816 627 856 654 et
876 620 1070 659 vicissim;
1103 631 1174 655 nec
1202 628 1333 666 potest
1360 621 1443 655 dari
1470 633 1571 657 unus
1598 622 1730 662 homo,
1749 623 1816 668 qui

323 667 549 711 spiritualis,
570 667 704 701 unitus
723 667 874 701 duabus
901 665 1065 702 diversis
1092 668 1286 708 ecclesiis;
1317 668 1498 703 similiter
1524 680 1603 703 non
1629 681 1731 704 unus
1756 670 1818 704 vir

324 714 463 748 intime
490 714 625 748 unitus
652 714 803 748 duabus
830 714 998 749 feminis.
1051 714 1198 749 Intima
1222 715 1350 750 unitio
1381 722 1441 750 est
1467 716 1569 751 sicut
1594 716 1749 751 animae
1775 723 1815 751 et

322 761 473 801 cordis;
500 761 632 795 anima
650 761 783 795 uxoris
802 769 862 795 est
880 761 951 801 vir,
970 768 1010 796 et
1027 772 1096 795 cor
1113 761 1186 796 viri
1206 769 1265 796 est
1284 773 1404 803 uxor;
1433 762 1494 797 vir
1511 774 1622 798 suam
1641 763 1814 798 animam

322 808 590 842 communicat
620 814 660 842 et
690 808 899 854 conjungit
929 808 1041 842 uxori
1074 820 1142 853 per
1167 820 1342 844 amorem
1368 807 1582 851 ac‘lualem;
1617 810 1719 845 inest
1750 810 1816 845 illa

322 855 463 889 semini
486 855 582 900 ejus,
610 862 650 889 et
675 866 775 889 uxor
799 855 918 889 corde
946 855 1051 889 illam
1079 855 1239 900 recipit;
1271 856 1362 891 inde
1389 857 1469 891 duo
1495 868 1617 891 unum
1644 857 1754 895 fiunt,
1773 864 1815 892 et

322 908 418 936 tunc
433 902 568 936 omnia
582 909 621 936 et
639 902 795 947 singula
809 902 924 937 unius
938 903 1115 947 corporis
1130 902 1310 948 spectant
1324 915 1438 938 suum
1458 911 1639 938 mutuum
1659 904 1698 938 in
1717 905 1814 940 alte-

322 949 420 988 rius;
452 949 528 983 hoc
555 956 614 983 est
631 949 846 994 genuinum
866 950 1106 995 conjugium,
1126 950 1240 984 unice
1259 950 1362 984 inter
1379 951 1478 985 duos
1497 951 1644 992 dabile;
1675 963 1766 986 nam
1792 963 1816 987 a

321 996 522 1030 creatione
549 1003 619 1035 est,
646 1003 690 1030 ut
717 997 851 1031 omnia
876 997 948 1030 viri
979 1003 1060 1031 tam
1093 997 1237 1032 mentis
1263 998 1347 1042 ejus
1373 1009 1490 1043 quam
1522 998 1699 1043 corporis
1729 999 1814 1044 ejus

322 1054 436 1077 suum
464 1051 645 1077 mutuum
673 1044 844 1078 habeant
872 1043 910 1077 in
937 1050 1070 1078 mente
1096 1051 1136 1078 et
1163 1044 1200 1078 in
1228 1054 1393 1089 corpore
1419 1045 1562 1085 uxoris,
1582 1056 1627 1080 ac
1653 1045 1744 1080 inde
1770 1054 1815 1080 ut

321 1090 633 1136 singularissima
659 1102 700 1125 se
727 1098 867 1124 mutuo
886 1089 1066 1135 spectent
1092 1102 1137 1125 ac
1154 1091 1279 1125 velint
1305 1092 1425 1132 uniri;
1456 1103 1503 1126 ex
1529 1103 1576 1127 eo
1595 1091 1755 1138 aspe&u
1774 1100 1815 1128 et

321 1145 466 1172 conatu
486 1137 621 1172 existit
640 1148 752 1172 amor
770 1137 1015 1183 conjugialis.
1067 1137 1214 1172 Omnia
1231 1149 1331 1184 quae
1351 1139 1389 1172 in
1409 1149 1574 1184 corpore
1592 1146 1694 1180 sunt,
1714 1151 1814 1185 quae

320 1191 515 1219 vocantur
541 1185 725 1224 membra,
745 1187 895 1219 viscera
921 1191 960 1219 et
986 1196 1143 1230 organa,
1163 1196 1242 1220 non
1270 1192 1361 1220 sunt
1387 1186 1492 1220 aliud
1520 1197 1638 1232 quam
1664 1187 1814 1222 formae

322 1233 520 1266 naturales
538 1243 751 1276 corporeae
769 1233 1125 1276 correspondentes
1144 1233 1293 1267 formae
1312 1233 1505 1278 spirituali
1528 1234 1691 1274 mentis;
1722 1235 1813 1270 inde

321 1279 456 1314 onmia
486 1286 525 1313 et
556 1279 711 1324 singula
740 1279 917 1324 corporis
948 1279 1002 1313 ita
1028 1281 1340 1324 correspondent
1367 1280 1549 1315 omnibus
1580 1288 1619 1316 et
1649 1282 1813 1327 singulis

322 1326 476 1366 mentis,
493 1333 536 1360 ut
551 1326 737 1371 quicquid
755 1337 865 1361 mens
879 1326 964 1361 vult
979 1334 1019 1361 et
1033 1327 1194 1372 cogitat,
1210 1337 1352 1372 corpus
1367 1327 1416 1361 ad
1431 1334 1571 1361 nutum
1592 1328 1629 1362 in
1650 1328 1811 1363 instanti

321 1380 431 1418 agat:
462 1374 556 1407 dum
585 1373 716 1418 itaque
742 1373 857 1408 binae
877 1380 1029 1408 mentes
1048 1385 1168 1407 unum
1188 1381 1322 1419 agunt,
1342 1381 1437 1409 tunc
1463 1375 1582 1409 etiam
1609 1375 1702 1409 bina
1726 1386 1813 1410 cor—
1844 1382 1851 1389 ¹

321 1432 418 1465 pora
437 1420 708 1465 potentialiter
726 1421 780 1454 ita
799 1420 910 1455 unita
936 1427 1028 1455 sunt
1054 1428 1097 1454 ut
1124 1432 1203 1455 non
1231 1421 1309 1455 sint
1336 1422 1415 1456 duo
1441 1422 1619 1466 amplius,
1639 1423 1708 1457 sed
1735 1434 1814 1457 una

321 1478 432 1502 caro:
461 1468 562 1502 velle
589 1468 670 1501 fieri
698 1479 776 1502 una
793 1478 885 1502 caro
908 1473 971 1502 'est
998 1479 1109 1502 amor
1126 1468 1372 1513 conjugialis,
1392 1475 1431 1503 et
1459 1468 1490 1503 is
1516 1479 1627 1503 amor
1644 1470 1734 1504 talis
1752 1476 1813 1505 est

321 1515 435 1559 quale
454 1522 514 1549 est
536 1514 574 1549 id
593 1515 705 1549 velle.
759 1514 848 1549 Hoc
869 1515 961 1549 licet
979 1515 1210 1550 confirmare
1230 1527 1298 1560 per
1316 1515 1492 1550 mirabile
1510 1516 1615 1562 quod
1637 1517 1675 1550 in
1694 1517 1812 1552 caelis

320 1569 400 1596 cst:
431 1562 576 1596 dantur
594 1561 645 1595 ibi
665 1562 855 1608 conjuges
881 1561 947 1607 qui
976 1561 1013 1595 in
1041 1562 1110 1596 tali
1129 1573 1262 1596 amore
1281 1562 1495 1608 conjugiali
1514 1570 1607 1597 sunt
1634 1570 1677 1598 ut
1695 1565 1812 1599 ambo

322 1609 475 1654 possint
494 1620 577 1643 esse
596 1620 674 1643 una
694 1620 795 1648 caro,
815 1615 856 1643 et
873 1619 1031 1654 quoque
1050 1615 1142 1643 sunt
1160 1610 1253 1643 dum
1272 1610 1423 1649 volunt,
1443 1616 1483 1644 et
1507 1616 1603 1644 tunc
1621 1618 1812 1655 apparent

321 1663 364 1690 ut
383 1667 484 1691 unus
503 1656 642 1695 homo;
669 1656 762 1695 vidi,
782 1663 821 1691 et
840 1656 995 1690 locutus
1014 1667 1099 1690 sum
1119 1667 1207 1690 cum
1229 1656 1323 1696 illis;
1349 1664 1388 1691 et
1407 1656 1591 1691 dixerunt
1609 1658 1715 1702 quod
1736 1658 1811 1693 illis

320 1714 399 1737 una
412 1703 495 1737 vita
513 1703 574 1743 sit,
590 1710 630 1738 et
648 1703 754 1748 quod
774 1703 853 1737 sint
871 1703 972 1737 sicut
987 1703 1069 1737 vita
1086 1703 1179 1738 boni
1200 1703 1237 1736 in
1257 1715 1362 1743 vero,
1377 1714 1422 1738 ac
1439 1703 1522 1739 vita
1534 1704 1615 1738 veri
1635 1705 1673 1738 in
1693 1705 1810 1744 bono,

320 1759 360 1784 ct
379 1751 485 1794 quod
505 1750 584 1785 sint
602 1750 704 1784 sicut
731 1750 839 1795 paria
857 1750 895 1784 in
916 1750 1088 1790 homine,
1109 1761 1249 1795 nempe
1268 1751 1369 1785 sicut
1387 1750 1479 1785 bina
1497 1751 1812 1796 haemisphaeria

320 1798 467 1831 cerebri
487 1796 756 1831 circumducta
774 1808 852 1832 una
878 1797 1071 1843 meninge,
1091 1798 1205 1832 binae
1232 1809 1408 1832 camerae
1427 1797 1557 1833 cordis
1584 1798 1687 1833 intra
1703 1810 1811 1834 com—

321 1856 439 1879 mune
465 1851 635 1890 tegmen,
655 1851 694 1879 et
721 1844 801 1878 bini
828 1844 907 1879 lobi
936 1844 1166 1889 pulmonum
1187 1844 1388 1885 similiter;
1418 1856 1529 1890 quae,
1547 1845 1706 1880 tametsi
1731 1846 1810 1881 duo

320 1898 423 1931 sunt,
443 1903 567 1936 usque
594 1903 715 1925 unum
743 1898 835 1926 sunt
858 1892 989 1936 quoad
1007 1891 1130 1925 vitam
1157 1898 1196 1926 et
1223 1892 1353 1936 quoad
1372 1891 1559 1926 exercitia
1575 1892 1692 1933 vitae,
1711 1904 1810 1938 quae

319 1946 412 1972 sunt
430 1949 542 1978 usus;
569 1938 753 1973 dixerunt
771 1939 878 1984 quod
897 1939 978 1973 vita
998 1939 1151 1973 illorum
1172 1939 1226 1973 ita
1244 1937 1466 1984 conjuncta,
1485 1939 1536 1973 sit
1555 1940 1671 1984 plena
1687 1940 1809 1979 caelo,

320 1994 360 2019 et
379 1986 484 2030 quod
503 1986 554 2020 sit
574 1986 658 2030 ipsa
675 1986 772 2020 caeli
789 1986 870 2020 vita
887 1996 976 2019 cum
996 1986 1081 2030 ejus
1101 1985 1264 2020 infinitis
1279 1986 1600 2026 beatitudinibus,
1617 1998 1664 2021 ex
1682 1998 1809 2027 causa,

319 2034 412 2078 quia
425 2033 576 2067 caelum
592 2033 710 2067 etiam
730 2033 809 2067 tale
824 2039 892 2071 est,
908 2044 955 2067 ex
970 2032 1157 2078 conjugio
1174 2033 1333 2067 Domini
1349 2044 1437 2067 cum
1453 2033 1539 2073 illo,;
1566 2044 1656 2068 nam
1671 2045 1810 2068 omnes

319 2080 447 2125 angeli
467 2080 564 2114 caeli
591 2086 683 2114 sunt
710 2079 747 2113 in
777 2079 961 2119 Domino,
981 2091 1026 2114 ac
1054 2079 1248 2114 Dominus
1276 2080 1313 2114 in
1342 2080 1428 2114 illis.
1481 2079 1605 2115 Porro
1626 2081 1810 2116 dixerunt

319 2128 425 2172 quod
454 2127 530 2161 illis
550 2127 791 2171 impossibile
814 2127 864 2161 sit
885 2127 1060 2172 cogitare
1079 2138 1127 2161 ex
1145 2127 1276 2172 aliqua
1295 2127 1516 2162 intentione
1534 2127 1583 2162 de
1601 2139 1723 2162 uxore
1741 2134 1810 2163 aut

319 2174 467 2208 femina
484 2173 833 2218 supernumeraria,
853 2174 946 2218 quia
971 2174 1046 2208 hoc
1073 2173 1175 2208 foret
1198 2181 1428 2209 convertere
1447 2174 1598 2209 caelum
1626 2175 1664 2208 in
1693 2174 1810 2210 infer-

320 2233 433 2261 num;
460 2232 579 2266 quare
598 2222 760 2266 angelus
779 2221 873 2254 dum
901 2222 1021 2255 modo
1041 2221 1078 2255 id
1098 2221 1258 2266 cogitat,
1278 2222 1383 2255 cadit
1402 2222 1450 2256 de
1468 2221 1590 2256 caelo.
1640 2221 1809 2267 Adjece-

319 2275 411 2302 runt
426 2269 532 2313 quod
548 2268 709 2312 spiritus
723 2267 920 2302 naturales
933 2268 1034 2302 hanc
1049 2267 1204 2302 illorum
1218 2267 1539 2313 conjunctionem
1554 2280 1633 2303 non
1646 2269 1810 2304 credant

319 2315 500 2355 dabilem,
520 2326 568 2349 ex
586 2326 704 2349 causa
721 2315 812 2360 quia
839 2315 915 2348 illis
933 2315 999 2359 qui
1028 2326 1132 2349 mere
1152 2316 1348 2350 naturales
1370 2322 1462 2349 sunt
1486 2326 1565 2350 non
1592 2322 1651 2350 est
1672 2316 1807 2361 conju-

318 2363 426 2407 gium
445 2373 493 2396 ex
511 2362 663 2407 origine
682 2362 885 2406 spirituali,
905 2373 1005 2407 quae
1031 2369 1091 2396 est
1117 2362 1210 2396 boni
1230 2369 1269 2397 et
1297 2362 1387 2402 veri,
1407 2362 1475 2396 sed
1502 2369 1561 2397 est
1578 2363 1807 2408 conjugium

318 2420 366 2443 ex
385 2409 536 2454 origine
556 2409 742 2449 naturali;
774 2409 865 2443 inde
892 2420 964 2443 nec
989 2409 1083 2443 unio
1103 2409 1305 2448 mentium,
1325 2410 1393 2443 sed
1419 2410 1538 2444 modo
1557 2409 1651 2444 unio
1669 2421 1808 2454 corpo-

319 2467 404 2490 rum
432 2467 479 2490 ex
505 2456 638 2490 animo
657 2456 886 2490 lasciviente
914 2456 951 2490 in
979 2467 1105 2495 carne,
1125 2467 1224 2501 quae
1251 2456 1410 2490 lascivia
1436 2463 1495 2491 est
1521 2467 1569 2491 ex
1595 2456 1807 2491 universali

269 2527 271 2530 -
319 2502 405 2548 lege
424 2503 566 2548 cuique
584 2503 675 2537 vivo
694 2510 734 2537 et
760 2514 839 2537 non
858 2503 950 2537 vivo
976 2514 1023 2537 ex
1042 2503 1240 2537 creatione
1261 2503 1385 2536 indita
1411 2510 1451 2537 et
1477 2502 1533 2537 sic
1559 2503 1687 2543 insita,
1707 2514 1807 2549 quae

318 2556 389 2589 est,
405 2557 448 2584 ut
467 2561 583 2584 omne
604 2550 642 2584 in
661 2561 740 2595 quo
755 2557 814 2584 est
828 2550 896 2589 vis,
914 2551 1129 2595 producere
1143 2550 1239 2584 velit
1257 2550 1316 2584 sui
1337 2550 1468 2590 instar,
1483 2561 1528 2585 ac
1547 2550 1807 2595 multiplicare

318 2608 428 2630 suam
444 2597 614 2641 speciem
635 2597 672 2631 in
693 2597 889 2631 infinitum
909 2604 949 2631 et
969 2597 1005 2630 in
1026 2603 1239 2631 aeternum.
1291 2596 1393 2642 Quia
1412 2597 1559 2641 posteri
1577 2597 1724 2643 Jacobi,
1739 2597 1806 2642 qui

318 2643 387 2677 filii
416 2643 570 2678 Israelis
596 2644 728 2678 vocati
755 2651 857 2683 sunt,
886 2644 1044 2678 fuerunt
1071 2655 1175 2678 mere
1206 2643 1402 2678 naturales
1430 2644 1621 2684 homines,
1647 2650 1688 2679 et
1714 2643 1806 2679 inde

317 2690 504 2735 conjugia
522 2691 678 2725 illorum
698 2702 777 2725 non
797 2691 1016 2736 spiritualia
1034 2691 1102 2725 sed
1121 2691 1301 2730 carnalia,
1319 2691 1408 2725 ideo
1427 2691 1503 2725 illis
1523 2698 1684 2736 propter
1700 2691 1807 2725 duri-

317 2738 413 2772 tiem
432 2738 562 2772 cordis
582 2737 736 2772 illorum
755 2738 886 2783 plures
905 2749 1046 2773 uxores
1065 2738 1208 2772 ducere
1226 2748 1456 2772 concessum
1475 2737 1560 2772 fuit.

389 2838 562 2892 1005.
603 2849 708 2887 [Vers.
731 2850 793 2888 15]
832 2839 966 2880 “foce
990 2839 1100 2880 venio
1119 2839 1228 2879 sicui
1243 2838 1549 2891 fimf—Quod
1569 2832 1802 2894 ¹significet

317 2900 552 2949 adventum
591 2900 782 2949 Domini,
821 2907 862 2941 et
896 2908 995 2942 lunc
1033 2901 1233 2941 ultimum
1251 2900 1483 2955 J'udicz'um,
1521 2906 1703 2942 constat
1743 2913 1802 2940 ex

1944 3244 1962 3328 Q
1948 3150 1962 3239 neam
1946 3120 1948 3122 ⁴
