1962 3328
605 276 711 308 CAP.
734 275 848 315 xvr„
872 275 1009 308 VERS.
1038 275 1207 307 11.-N.
1228 277 1323 320 992.
1592 267 1703 320 2563

223 388 328 423 unde
346 394 406 423 est
425 393 536 422 tanta
553 387 735 432 voluptas
756 386 1012 432 prolificandi.
1024 387 1130 431 'quae
1151 397 1310 421 omnem
1331 386 1447 421 aliam
1459 386 1704 431 voluptatem

221 435 395 474 excedit;
424 434 531 479 quod
560 434 724 468 excedat
753 440 814 468 est
838 440 998 478 propter
1022 444 1136 467 usum
1162 433 1418 468 excedentem
1444 444 1582 468 omnes
1607 433 1706 471 alios

222 492 325 520 usus,
344 481 410 526 qui
429 486 489 515 est
506 480 726 525 procreatio
742 480 896 525 generis
914 479 1074 514 humani
1097 486 1136 514 et
1159 480 1250 514 inde
1269 478 1379 514 caeli.
1430 479 1528 514 Inde
1547 490 1707 524 quoque

221 534 282 563 oet
300 528 482 572 voluptas
510 534 551 561 et
577 526 804 572 jucunditas
832 526 1033 565 adulterii;
1058 527 1127 560 sed
1158 526 1251 571 quia
1279 526 1514 571 prolificatio
1542 537 1613 571 per
1641 527 1708 561 illa

222 573 504 619 correspondet
534 571 783 618 productioni
814 573 907 607 mali
936 583 1006 618 per
1034 572 1175 607 falsum
1206 579 1247 607 et
1280 573 1366 607 falsi
1396 584 1445 607 ex
1470 573 1585 612 malo,
1615 573 1707 608 inde

222 621 404 665 voluptas
421 627 462 655 et
473 620 700 665 jucunditas
713 619 779 654 illa
796 630 865 665 per
880 620 1025 664 gradus
1039 620 1229 654 decrescit
1245 626 1286 654 et
1303 619 1467 659 vilescit,
1481 631 1606 665 usque
1619 627 1707 654 tan-

222 668 312 702 dem
342 674 386 701 ut
414 673 590 701 vertatur
619 666 658 700 in
691 665 893 701 fastidium
927 674 967 700 et
1000 677 1197 701 nauseam.
1259 665 1457 712 Quoniam
1487 667 1706 711 jucundum

221 714 366 749 amoris
390 713 564 758 conjugii
590 719 650 747 est
673 713 890 758 jucundum
921 713 1099 753 caeleste,
1125 720 1165 747 et
1188 714 1408 758 jucundum
1438 713 1620 748 adulterii
1646 720 1707 748 est

222 761 439 805 jucundum
462 759 660 799 infernale,
682 766 726 793 ut
746 770 864 804 supra
889 759 1038 794 dictum
1065 767 1135 799 est,
1158 760 1249 794 inde
1273 767 1333 794 est
1358 760 1465 805 quod
1485 760 1706 805 jucundum

222 807 405 842 adulterii
423 807 474 841 sit
491 817 538 840 ex
556 807 728 851 quodam
749 806 838 852 igne
857 806 1022 851 impuro,
1040 806 1108 851 qui
1127 806 1317 841 mentitur
1327 807 1546 852 jucundum
1560 807 1707 841 amoris

222 853 326 893 boni,
345 854 438 887 dum
458 860 625 898 perstat;
651 853 720 887 sed
739 852 778 886 in
796 863 837 887 se
855 860 915 887 est
931 853 1148 898 jucundum
1167 853 1312 888 amoris
1330 853 1432 893 mali,
1451 854 1558 899 quod
1578 854 1617 888 in
1635 864 1708 888 sua

221 900 392 936 essentia
416 907 476 945 est
500 900 717 945 jucundum
743 899 824 934 odii
850 907 989 934 contra
1014 901 1160 934 bonum
1187 907 1228 934 et
1251 911 1409 940 verum;
1435 907 1474 935 et
1499 900 1592 945 quia
1614 901 1706 935 inde

221 947 334 993 origo
351 947 436 992 ejus
453 953 523 984 est.
544 957 622 981 non
640 953 701 981 est
718 957 830 980 amor
843 946 944 981 inter
954 947 1177 981 adulterum
1191 953 1231 981 et
1247 947 1476 986 adulteram,
1492 947 1566 982 nisi
1580 947 1707 992 qualis

221 1004 333 1028 amor
351 993 444 1032 odii,
462 993 529 1038 qui
554 993 644 1027 talis
669 1000 731 1028 est
754 1000 799 1027 ut
825 993 863 1027 in
884 993 1056 1028 externis
1077 993 1230 1038 possint
1248 993 1286 1027 in
1308 992 1589 1039 conjunftione
1609 1005 1706 1034 esse,

222 1040 291 1075 sed
309 1051 388 1075 non
407 1039 446 1074 in
466 1039 649 1079 internis:
675 1039 714 1073 in
731 1039 903 1074 externis
920 1040 1024 1074 enim
1044 1047 1103 1074 est
1122 1040 1292 1085 igneum,
1307 1040 1346 1074 in
1361 1040 1524 1075 internis
1538 1048 1598 1075 est
1610 1041 1708 1087 geli-

222 1087 337 1126 dum:
362 1097 482 1132 quare
502 1086 620 1121 etiam
643 1093 732 1131 post
753 1087 869 1121 breve
889 1093 1046 1131 tempus
1066 1087 1331 1132 exstinguitur
1351 1087 1520 1133 igneum.
1539 1095 1579 1122 et
1599 1089 1708 1122 subit

249 1133 396 1168 elidum
416 1133 478 1168 vel
503 1144 591 1167 cum
614 1133 850 1177 impotentia
868 1133 931 1167 vel
955 1143 1045 1167 cum
1071 1133 1316 1168 aversatione
1338 1134 1439 1168 sicut
1460 1145 1531 1179 pro
1552 1145 1707 1179 spurco.

222 1145 370 1215 {atum
389 1190 546 1225 quoque
563 1187 623 1214 est
640 1180 774 1214 videre
791 1190 964 1214 amorem
979 1180 1087 1214 illum
1108 1180 1146 1213 in
1165 1191 1235 1215 sua
1248 1181 1428 1220 essentia,
1443 1181 1510 1226 qui
1524 1181 1599 1215 fuit
1616 1181 1708 1216 talis

223 1234 266 1261 ut
285 1227 386 1261 intra
402 1234 505 1261 esset
522 1226 658 1261 odium
677 1225 973 1264 interneciuum,
988 1227 1058 1261 sed
1075 1234 1186 1261 extra
1202 1235 1407 1272 appareret
1427 1228 1530 1262 sicut
1548 1228 1706 1274 igneum

223 1284 272 1308 ex
300 1273 548 1312 stercoribus,
580 1273 804 1318 putroribus
829 1280 869 1307 et
899 1271 1091 1308 fetoribus
1117 1274 1307 1308 incensis:
1336 1281 1375 1308 et
1405 1282 1522 1319 prout
1549 1275 1707 1321 igneum

225 1320 320 1354 illud
345 1330 434 1354 cum
460 1330 533 1354 suo
561 1320 738 1365 jucundo
767 1319 1008 1365 deflagravit,
1039 1320 1093 1354 ita
1122 1331 1191 1365 per
1217 1321 1363 1366 gradus
1392 1321 1606 1366 exspiravit
1626 1322 1709 1357 vita

223 1373 382 1401 mutuae
407 1366 587 1411 loquelae
612 1373 651 1401 et
676 1366 997 1406 conversationis,
1023 1378 1069 1401 ac
1095 1367 1242 1411 prodiit
1267 1367 1415 1407 odium,
1438 1368 1608 1413 primum
1634 1369 1708 1403 sub

222 1413 352 1458 specie
384 1420 647 1457 contemptus,
682 1420 820 1457 postea
852 1413 1121 1452 aversationis,
1154 1421 1240 1448 tum
1275 1413 1510 1459 rejeftionis,
1544 1416 1707 1450 tandem

223 1459 574 1504 blasphemationis
594 1467 634 1494 et
651 1459 941 1494 dimicationis:
967 1467 1007 1494 et
1028 1460 1135 1505 quod
1158 1461 1299 1494 mirum
1321 1468 1415 1501 erat,
1433 1462 1592 1497 tametsi
1614 1462 1710 1496 odio

222 1517 264 1541 se
289 1506 521 1545 habuerunt,
540 1517 663 1551 usque
688 1513 903 1551 potuerunt
928 1518 996 1551 per
1020 1507 1126 1542 vices
1151 1508 1351 1553 congredi,
1369 1519 1415 1542 ac
1440 1515 1535 1543 tunc
1561 1510 1708 1543 sentire

221 1553 438 1599 jucundum
468 1552 548 1587 odii
575 1553 677 1588 sicut
700 1553 918 1598 jucundum
948 1554 1104 1591 amoris.
1126 1555 1194 1588 sed
1226 1555 1302 1588 hoc
1327 1566 1374 1589 ex
1395 1555 1546 1600 pruritu
1567 1556 1709 1590 carnis.

223 1599 348 1646 Quale
372 1600 589 1645 jucundum
615 1599 697 1634 odii
723 1606 763 1634 et
789 1599 880 1634 inde
906 1600 1178 1635 malefaciendi
1204 1608 1264 1636 est
1290 1601 1365 1636 illis
1394 1602 1460 1647 qui
1489 1602 1527 1636 in
1555 1602 1710 1637 inferno

223 1654 326 1686 sunt,
345 1657 424 1681 non
442 1646 608 1680 describi
629 1653 769 1691 potest,
789 1657 861 1681 nec
878 1647 1005 1686 credi;
1031 1648 1177 1681 malum
1197 1647 1324 1682 facere
1343 1656 1402 1683 est
1423 1660 1559 1683 eorum
1577 1650 1709 1684 cordis

222 1693 423 1739 gaudium,
433 1699 473 1727 et
487 1693 562 1727 hoc
575 1699 719 1727 vocant
732 1704 846 1728 suum
860 1694 1011 1728 caelum
1025 1705 1033 1727 :
1052 1695 1270 1739 jucundum
1285 1706 1421 1729 eorum
1435 1696 1709 1731 malefaciendi

222 1739 345 1775 trahit
369 1750 487 1774 omne
512 1751 625 1774 suum
652 1741 701 1774 ab
726 1740 820 1774 odio
846 1747 886 1774 et
910 1751 934 1774 a
950 1740 1126 1775 vindicta
1150 1749 1288 1776 contra
1313 1743 1461 1776 bonum
1487 1749 1527 1777 et
1552 1754 1717 1782 verum-r

199 1819 201 1821 .
222 1797 342 1832 quare
372 1786 616 1821 interneciuo
645 1793 685 1821 et
711 1787 907 1821 diabolico
932 1787 1027 1822 odio
1052 1788 1190 1832 perciti
1216 1788 1352 1823 furunt
1381 1796 1520 1824 contra
1543 1790 1709 1828 caelum.

224 1833 415 1878 imprimis
440 1839 578 1867 contra
603 1833 692 1868 illos
716 1833 783 1878 qui
811 1834 901 1868 inde
927 1841 1021 1868 sunt
1040 1842 1080 1868 et
1105 1835 1272 1870 adorant
1294 1835 1530 1876 Dominum:
1557 1837 1709 1881 perdite

223 1880 328 1915 enim
346 1880 512 1925 flagrant
531 1879 618 1914 illos
637 1879 852 1919 trucidare:
878 1886 917 1914 et
937 1881 1030 1925 quia
1049 1892 1215 1926 corpora
1235 1889 1446 1927 nequeunt.
1464 1883 1605 1917 volunt
1626 1883 1710 1917 ani-

224 1937 328 1961 mas:
353 1933 413 1961 est
431 1926 562 1971 itaque
579 1926 797 1971 jucundum
815 1927 907 1966 odii,
926 1928 1030 1972 quod
1052 1928 1089 1961 in
1109 1929 1294 1963 extremis
1314 1930 1469 1975 igneum
1491 1929 1649 1970 facium,
1664 1941 1710 1964 ac

224 1971 412 2018 injectum
428 1973 646 2007 lascivienti
657 1973 764 2007 carni
779 1973 823 2007 fit
836 1984 884 2008 eo
902 1982 1105 2009 momento
1121 1976 1339 2020 jucundum
1358 1977 1551 2016 adulterii,
1566 1978 1709 2017 anima,

225 2020 263 2054 in
277 2030 355 2065 qua
371 2019 507 2054 odium
525 2030 567 2054 se
585 2020 774 2059 recondit,
793 2027 887 2054 tunc
904 2032 946 2055 se
964 2022 1199 2056 retrahente.
1251 2022 1307 2056 Ex
1326 2034 1373 2057 eo
1387 2031 1447 2058 est
1464 2024 1571 2068 quod
1592 2023 1711 2058 infer-

225 2076 318 2100 num
336 2066 489 2100 dicatur
505 2066 761 2106 adulterium:
786 2078 834 2101 ex
852 2078 900 2102 eo
917 2067 1036 2102 etiam
1056 2076 1127 2107 est,
1145 2069 1252 2113 quod
1272 2070 1423 2114 perdite
1444 2071 1611 2105 adulteri
1630 2071 1710 2105 sint

225 2112 562 2152 immisericordes,
581 2113 687 2147 saevi
708 2121 748 2147 et
768 2114 955 2148 crudeles.
1003 2114 1097 2149 >Hoc
1124 2126 1228 2150 nunc
1253 2123 1313 2150 est
1338 2117 1567 2162 conjugium
1591 2117 1710 2151 infer-

225 2159 323 2195 nale.
373 2158 570 2205 Quoniam
589 2160 825 2194 adulterium
846 2168 906 2195 est
928 2161 1085 2206 igneum
1108 2162 1146 2195 in
1169 2163 1350 2202 externis,
1369 2164 1436 2198 sed
1459 2163 1645 2209 frigidum
1669 2165 1708 2198 in

225 2206 398 2245 internis,
416 2212 456 2240 et
473 2206 658 2251 quoniam
681 2206 736 2240 sic
758 2207 954 2242 internum
983 2219 1061 2242 non
1089 2209 1270 2253 producit
1296 2217 1512 2249 externum,
1535 2217 1579 2244 ut
1600 2210 1644 2245 fit
1671 2212 1709 2245 in

223 2252 427 2298 conjugiis,
446 2253 513 2287 sed
536 2259 674 2287 contra
693 2264 735 2287 se
756 2261 894 2288 mutuo
920 2261 1054 2299 agunt,
1075 2255 1166 2289 inde
1191 2264 1250 2290 est
1268 2257 1374 2301 quod
1393 2256 1452 2290 vir
1470 2257 1614 2291 sentiat
1637 2258 1709 2291 im-

225 2299 441 2345 potentiam
459 2299 491 2333 si
512 2299 651 2334 mulier
666 2300 761 2339 vult,
776 2307 816 2334 et
835 2301 958 2346 magis
976 2301 1007 2336 si
1026 2302 1189 2347 flagitat,
1203 2301 1352 2341 aftum;
1375 2303 1572 2337 internum
1592 2305 1709 2343 enirn,

168 2372 169 2377 ,
223 2346 330 2391 quod
349 2346 533 2392 frigidum
552 2353 622 2385 est,
641 2353 736 2380 tunc
753 2347 862 2381 venit
880 2347 919 2381 in
938 2355 1135 2387 conatum,
1155 2359 1200 2382 ac
1220 2349 1347 2383 influit
1366 2350 1404 2383 in
1425 2350 1582 2394 igneum
1601 2351 1710 2396 quod

225 2393 263 2426 in
281 2392 462 2432 externis,
481 2399 520 2426 et
539 2392 577 2426 id
598 2393 824 2438 exstinguit,
839 2401 879 2428 et
900 2394 954 2428 sic
976 2395 1110 2440 dejicit
1137 2402 1180 2429 ut
1207 2395 1397 2435 inhabile;
1423 2396 1576 2431 accedit
1601 2398 1709 2442 quod

223 2438 368 2484 cupido
391 2439 576 2478 violandi,
603 2450 703 2484 quae
728 2440 846 2474 etiam
874 2440 1004 2486 ignem
1033 2441 1140 2475 illum
1173 2442 1369 2486 impurum
1394 2443 1586 2483 accendit,
1612 2451 1711 2478 tunc

225 2492 368 2530 pereat.

304 2594 445 2636 992.¹
477 2584 609 2624 “Pr-ae
632 2585 827 2625 molestiis
855 2585 941 2626 sm's
970 2589 1015 2625 et
1034 2598 1139 2637 prae
1159 2586 1364 2626 ulceribus
1386 2586 1708 2639 suis.”-—Quod

227 2647 448 2699 significet
479 2662 535 2688 ex
551 2649 766 2700 fastidiis·
796 2655 837 2689 et
867 2650 1042 2689 nauseis
1074 2650 1138 2689 ad
1158 2651 1352 2701 genuina
1377 2664 1483 2691 vera
1512 2658 1553 2691 et
1584 2652 1708 2700 bona,

222 2709 422 2750 oriundis
447 2724 503 2750 ex
513 2710 658 2761 falsis
682 2717 725 2750 et
754 2711 885 2751 malis
916 2712 961 2751 in
992 2712 1147 2764 quibus
1174 2719 1277 2751 sunt
1300 2713 1379 2765 qui
1403 2714 1450 2752 in
1482 2714 1575 2754 sola
1594 2714 1705 2767 fide,

227 2779 410 2812 constat
432 2786 490 2813 ex
513 2773 843 2825 significatione
865 2778 889 2793 “
904 2774 1252 2821 molestiarum‚“
1274 2775 1392 2827 quod
1416 2777 1504 2815 sint
1528 2776 1710 2816 fastidia

225 2834 282 2874 ad
300 2835 495 2886 genuina
508 2849 614 2875 vera
632 2842 678 2875 et
697 2836 830 2883 bona,
849 2837 1035 2876 oriunda
1053 2851 1111 2876 ex
1128 2836 1263 2883 falsis,
1280 2838 1322 2876 in
1338 2838 1494 2890 quibus
1511 2846 1614 2878 sunt
1633 2840 1706 2891 qui

226 2894 323 2934 sola
348 2895 391 2934 in
419 2894 504 2935 fide
530 2906 584 2943 (de
599 2906 1001 2948 qua[supra]‚n.990);
1034 2904 1078 2936 et
1106 2911 1164 2937 ex
1190 2897 1520 2949 significatione
1547 2898 1707 2939 ‘'ulce-
