1962 3328
625 266 732 299 CAP.
754 267 868 307 XVI„
892 267 1030 299 VERS.
1053 267 1198 299 2.—N.
1220 259 1316 312 962.
1601 269 1715 312 2529

225 391 281 419 ne
319 377 444 427 fiunt,
476 379 541 419 ita
576 393 690 432 quae
722 386 827 420 sunt
864 394 923 420 ex
960 381 1138 432 proprio
1169 380 1275 432 ejus,
1309 394 1422 433 quae
1455 386 1560 420 sunt
1592 380 1711 419 mala

225 450 280 485 (de
295 451 552 490 quasequitur);
583 446 630 480 et
660 441 764 493 quia
792 445 1046 493 “magnum
1059 440 1079 455 ”
1105 442 1392 493 praedicatur
1417 441 1473 480 de
1504 441 1640 488 bono,
1664 449 1712 480 et

222 503 268 544 in
293 505 502 556 opposito
523 518 655 544 sensu
680 505 736 544 de
763 504 896 553 malo,
916 518 967 545 ac
989 506 1212 561 “noxium
1228 505 1246 520 ”
1264 506 1319 545 de
1340 504 1588 552 falsificam,
1608 505 1710 545 ideo

223 578 303 618 per
330 566 491 607 “ulcus
518 580 732 619 magnum
757 574 804 608 et
830 568 1015 608 noxium
1029 567 1048 583 '’
1074 568 1382 620 significantur
1407 582 1544 620 opera
1575 568 1708 614 mala,

223 634 270 669 et
295 629 399 669 inde
424 629 755 670 falsificationes
780 631 884 670 veri.
945 629 1079 683 Quod
1111 644 1189 683 per
1214 631 1402 671 “ulcera
1415 631 1433 645 ”
1455 630 1710 683 significen-

223 698 296 732 tur
320 705 456 744 opera
492 706 550 732 ex
591 693 785 745 proprio,
813 700 859 733 et
899 693 1002 734 inde
1043 693 1175 741 mala,
1201 700 1271 734 est
1308 695 1410 747 quia
1440 707 1499 733 ex
1533 693 1711 746 proprio

223 754 415 794 hominis
452 768 542 795 non
582 762 734 808 potest
767 757 849 796 nisi
880 769 1014 809 quam
1047 756 1214 796 malum
1247 757 1458 809 produci;
1491 763 1560 796 est
1592 757 1710 795 enim

224 818 449 870 proprium
483 818 677 858 hominis
714 819 758 858 in
790 819 911 872 quod
949 820 1160 866 nascitur,
1200 826 1245 859 et
1284 820 1402 872 quod
1443 826 1602 872 postea
1633 831 1711 870 per

223 880 364 920 vitam
389 894 514 921 suam
540 882 793 931 contrahit;
826 888 872 922 et
895 882 996 935 quia
1022 883 1246 934 proprium
1273 882 1365 935 ejus
1390 883 1447 922 ab
1473 883 1568 935 ipsa
1590 883 1709 922 nati-

224 942 365 983 vitate
396 957 455 983 ex
488 944 619 984 meris
651 944 779 984 malis
816 951 886 985 est
927 944 1187 992 conflatum,
1219 945 1321 985 ideo
1361 945 1498 986 homo
1535 959 1559 985 e
1592 959 1711 985 novo

224 1005 349 1058 quasi
375 1006 590 1046 creandus
621 1013 704 1054 est,
733 1006 817 1047 hoc
845 1013 927 1055 est,
956 1008 1302 1060 regenerandus,
1331 1014 1379 1048 ut
1411 1009 1454 1048 in
1485 1008 1606 1048 bono
1637 1009 1710 1055 sit,

225 1075 271 1108 et
303 1069 364 1108 sic
396 1069 537 1120 possit
567 1070 611 1109 in
643 1069 818 1110 caelum
848 1071 1010 1123 recipi:
1050 1072 1229 1123 quando
1261 1079 1568 1124 regeneratur,
1603 1078 1710 1111 tuuc

226 1130 357 1178 mala,
391 1145 503 1184 quae
534 1146 592 1172 ex
625 1133 802 1185 proprio
833 1141 950 1181 sunt,
984 1141 1285 1181 removentur,
1319 1141 1365 1174 et
1403 1134 1504 1175 loco
1534 1134 1711 1174 illorum

226 1193 550 1246 implantantur
579 1195 711 1242 bona,
745 1196 863 1248 quod
896 1195 944 1236 fit
976 1210 1054 1248 per
1083 1210 1200 1236 vera.
1261 1195 1395 1248 Quod
1427 1210 1562 1249 opera
1594 1197 1714 1237 mala

226 1262 272 1296 et
297 1256 627 1297 falsificationes
653 1259 743 1298 veri
769 1259 858 1299 sint
889 1259 1006 1310 apud
1038 1259 1138 1299 illos
1163 1260 1236 1312 qui
1267 1259 1410 1299 solam
1442 1259 1575 1299 fidem
1608 1260 1714 1300 doc-

226 1320 342 1360 trina
363 1327 617 1372 agnoscunt
641 1328 687 1361 et
709 1322 802 1361 vita
819 1321 1101 1370 confirmant,
1121 1322 1387 1374 intelligitur
1404 1336 1482 1375 per
1502 1322 1579 1362 illa
1600 1336 1714 1375 quae

226 1396 334 1423 mox
361 1390 632 1435 sequuntur;
666 1397 826 1436 nempe
858 1385 976 1437 quod
1003 1385 1166 1425 “ulcus
1198 1398 1413 1437 magnum
1445 1392 1491 1425 et
1523 1387 1713 1425 noxium

225 1445 283 1485 sit
309 1445 351 1484 in
383 1444 636 1486 hominibus
668 1446 939 1487 habentibus
971 1446 1276 1488 characterem
1311 1448 1496 1495 bestiae,
1525 1455 1570 1488 et
1602 1449 1712 1488 ima-

226 1508 379 1560 ginem
405 1507 497 1560 ejus
518 1509 851 1549 adorantibus.”
912 1509 1045 1562 Quod
1067 1510 1253 1551 “ulcera
1265 1511 1284 1525 ’⁷
1301 1510 1552 1564 significent
1579 1525 1714 1563 opera

227 1584 340 1623 quae
371 1584 430 1611 ex
463 1573 654 1623 proprio,
688 1580 896 1613 constare
929 1580 1083 1625 potest
1115 1587 1173 1614 ex
1201 1574 1357 1614 Verbo
1389 1575 1462 1614 ubi
1496 1573 1714 1614 “ulcera'’

227 1640 273 1674 et
307 1633 558 1674 “vulnera'’
590 1636 903 1686 nominantur;
950 1643 1046 1676 tum
1083 1637 1156 1676 ubi
1188 1638 1296 1676 varii
1335 1637 1513 1689 generis
1554 1637 1712 1684 morbi,

227 1697 341 1737 sicut
358 1700 383 1716 ‘⁴
396 1697 556 1749 lepra‚”
576 1701 601 1717 ‘⁴
613 1697 783 1746 febris‚''
801 1702 826 1718 ‘⁴
839 1699 1074 1747 anthrax,’'
1091 1703 1116 1719 “
1133 1698 1535 1747 haemorrhoides,'’
1550 1706 1596 1740 et
1615 1700 1712 1752 plu-

226 1773 297 1800 res
321 1759 408 1808 alii,
432 1761 504 1813 qui
530 1774 686 1801 omnes
712 1763 1066 1814 correspondent
1090 1762 1408 1815 cupiditatibus
1433 1764 1630 1804 oriundis
1654 1778 1713 1804 ex

227 1823 452 1863 amoribus
478 1823 619 1872 malis,
647 1830 693 1864 et
719 1825 822 1865 inde
849 1825 1102 1878 significant
1129 1826 1239 1866 illas.
1303 1825 1420 1878 Quid
1447 1840 1579 1879 porro
1608 1827 1715 1866 “ul-

228 1898 330 1926 cera
341 1885 359 1900 ”
376 1899 454 1926 seu
474 1886 695 1927 “vulnera
705 1886 724 1901 ’'
746 1887 1012 1940 significant,
1037 1895 1244 1929 constare
1267 1896 1420 1941 potest
1441 1903 1500 1930 ex
1524 1903 1715 1943 sequen-

229 1948 348 1989 tibus
377 1949 445 1990 his
471 1948 580 1989 locis
599 1949 809 2002 :--Apud
834 1950 1035 1999 Esaiam,

295 2063 357 2094 “A
372 2064 455 2094 vola
471 2064 569 2104 pedis
586 2074 697 2105 usque
713 2065 758 2096 ad
774 2071 878 2105 caput
895 2075 967 2096 non
986 2066 1021 2096 in
1038 2076 1082 2097 eo
1100 2066 1294 2106 integritas,
1314 2067 1442 2098 vulnus
1459 2074 1493 2098 et
1514 2068 1667 2106 cicatrix,
1681 2074 1717 2099 et

402 2108 508 2148 plaga
531 2117 676 2144 recens:
711 2118 783 2139 non
808 2119 978 2148 expressa
1001 2116 1111 2147 sunt„
1126 2120 1216 2141 ‚non
1245 2111 1427 2150 obligata„
1443 2121 1531 2142 ,non
1557 2112 1718 2142 emollita

402 2151 503 2190 oleo;
527 2159 620 2182 terra
636 2159 755 2183 vestra
770 2153 935 2191 solitudo,
953 2154 1058 2184 urbes
1075 2161 1215 2185 vestrae
1232 2163 1378 2186 exustae
1396 2156 1478 2194 igne
1489 2154 1506 2165 '⁵
1524 2155 1560 2194 (i.
1578 2155 1608 2191 6,
1625 2157 1656 2193 7)
1671 2167 1677 2186 z

231 2274 310 2314 per
333 2260 443 2301 haec
470 2261 747 2310 describitur,
776 2262 895 2315 quod
922 2275 1011 2303 non
1038 2263 1204 2303 bonum
1232 2270 1278 2304 et
1309 2264 1413 2304 inde
1445 2277 1534 2304 non
1562 2277 1716 2304 verum

229 2325 274 2365 in
313 2324 516 2372 ecclesia,
555 2325 633 2364 sed
674 2325 840 2365 malum
881 2332 926 2365 et
964 2326 1067 2366 inde
1104 2326 1288 2366 falsum:
1330 2327 1414 2366 “A
1450 2327 1553 2367 vola
1591 2328 1717 2379 pedis

231 2400 368 2440 usque
394 2386 451 2426 ad
476 2393 611 2439 caput
638 2401 727 2427 non
753 2388 1030 2440 integritas‚‘’
1056 2388 1278 2441 significat
1305 2389 1424 2442 quod
1457 2396 1550 2430 tam
1584 2396 1716 2429 natu-

230 2449 340 2490 ralia
370 2463 502 2502 quam
533 2450 790 2502 spiritualia,
824 2464 936 2503 quae
967 2452 1179 2492 interiora
1210 2452 1402 2492 hominis
1434 2460 1480 2492 et
1512 2452 1604 2504 ejus
1635 2467 1716 2492 vo-

232 2511 419 2552 luntatis
445 2518 562 2559 sunt,
587 2513 822 2566 deperdita
847 2514 962 2554 sint:
999 2514 1196 2554 “vulnus
1223 2521 1268 2554 et
1296 2515 1482 2554 cicatrix
1510 2522 1555 2555 et
1583 2515 1719 2568 plaga

231 2574 426 2623 recens,“
465 2574 688 2627 significat
727 2575 846 2615 mala
882 2576 1145 2622 voluntatis,
1178 2584 1224 2617 et
1257 2577 1358 2616 inde
1400 2577 1509 2617 falsa
1541 2579 1717 2629 cogita-

233 2637 382 2685 tionis,
423 2638 633 2678 continue
665 2638 819 2690 plura;
861 2639 979 2678 mala
1010 2639 1256 2679 voluntatis
1288 2646 1391 2679 sunt
1424 2641 1560 2680 etiam
1599 2640 1719 2680 mala

233 2711 394 2751 opera:
440 2703 567 2740 “non
599 2700 814 2753 obligata,
848 2714 937 2741 non
970 2701 1174 2741 emollita
1204 2701 1344 2750 oleo‚‘’
1375 2701 1595 2754 significat
1629 2717 1718 2743 non

234 2774 313 2813 per
342 2761 692 2814 resipiscentiam
725 2763 980 2810 emendata,
1014 2777 1064 2803 ac
1106 2777 1182 2815 per
1214 2764 1380 2804 bonum
1413 2770 1666 2816 temperata
1686 2765 1718 2803 :¹¹

234 2831 354 2864 terra
378 2831 527 2865 vestra
557 2825 768 2873 solitudo,
797 2826 926 2866 urbes
952 2834 1129 2866 vestrae
1161 2835 1350 2867 exustae
1382 2827 1526 2879 igne,''
1548 2828 1717 2879 signifi-

234 2893 308 2927 cat
329 2887 448 2940 quod
470 2887 660 2929 ecclesia
681 2888 919 2929 devastata
941 2890 997 2929 sit
1021 2889 1167 2942 quoad
1191 2903 1324 2930 omne
1344 2903 1509 2938 verum,
1530 2898 1574 2931 et
1598 2892 1716 2944 quod
