1962 3328
277 281 334 324 90
692 281 1027 315 APOCALYPSIS
1059 284 1359 317 EXPLICATA.

275 407 379 433 usus
397 393 643 443 charitatis,
664 408 796 447 supra
813 395 856 435 in
875 395 960 436 hoc
978 396 1168 437 articulo
1186 396 1498 439 confirmatum
1519 405 1601 441 est.
1661 400 1770 442 Cum

275 457 428 511 itaque
453 457 591 498 homo
617 463 686 498 est
713 457 826 508 finis,
854 459 939 499 hoc
966 465 1050 508 est,
1079 461 1304 514 proprium
1331 460 1423 514 ejus
1456 462 1637 512 bonum,
1666 470 1770 506 tunc

275 520 350 565 ille
372 527 442 562 est
466 534 599 562 omne
622 520 804 562 effectus
827 536 905 563 seu
927 535 1061 563 omne
1084 537 1213 574 usus;
1245 524 1348 565 inde
1371 524 1419 565 fit
1443 539 1545 565 usus
1568 525 1660 579 ejus
1683 540 1772 570 non

276 597 380 624 usus
411 585 622 634 essentia,
646 585 726 625 sed
758 586 1037 638 apparentia,
1064 587 1108 627 in
1135 600 1224 640 quo
1252 588 1346 628 vita
1377 594 1447 629 est
1479 602 1538 629 ex
1570 602 1769 644 corpore,

275 654 322 689 et
348 661 439 689 non
465 648 613 702 aliqua
639 661 698 689 ex
725 649 895 702 spiritu.

588 827 669 883 [0.]
720 830 794 870 DE
827 828 1103 871 SAPIENTIA
1135 840 1199 871 ET
1231 841 1297 872 DE
1331 832 1471 873 FmE.

277 956 302 989 1.
338 956 434 992 Quod
448 956 532 990 fides
547 967 612 990 non
629 957 725 990 aliud
738 956 787 991 sit
801 967 902 1001 qvam
923 958 1062 991 vem'tas.

361 1043 641 1086 Christianus
674 1046 806 1094 orbis,
835 1053 1076 1100 postquam
1104 1049 1295 1088 cessavit
1327 1048 1769 1100 charitas.·ignora1·e

274 1108 425 1161 coepit
448 1109 567 1161 quod
595 1109 789 1149 charitas
812 1116 858 1149 et
885 1109 995 1150 fides
1019 1124 1152 1150 unum
1177 1111 1280 1154 sint.
1305 1111 1491 1163 proinde
1513 1111 1632 1164 quod
1659 1110 1769 1152 fides

275 1183 366 1210 non
409 1169 542 1210 detur
579 1169 652 1209 ubi
694 1182 784 1209 non
829 1169 1042 1218 charitas,
1082 1176 1127 1209 et
1165 1170 1284 1223 quod
1327 1171 1524 1211 charitas
1566 1171 1639 1211 ubi
1680 1184 1770 1211 non

273 1231 398 1273 fides.
462 1231 536 1272 Ex
564 1232 822 1284 ignorantia
849 1231 925 1271 illa
952 1238 1051 1271 orta
1078 1239 1147 1272 est
1175 1234 1372 1273 caecitas
1395 1234 1514 1287 quod
1543 1235 1770 1274 nescirent

273 1295 379 1348 quid
412 1295 612 1335 charitas
645 1301 691 1335 et
725 1295 829 1347 quid
862 1294 985 1334 fides.
1063 1294 1287 1348 Coeptum
1320 1303 1427 1336 tunc
1460 1303 1529 1336 est
1562 1310 1770 1350 separare

271 1357 386 1406 illas,
416 1371 505 1398 non
535 1358 672 1398 modo
698 1358 994 1410 cogitatione.
1023 1358 1101 1398 sed
1130 1359 1267 1398 etiam
1295 1357 1513 1405 doctrina,
1542 1366 1587 1399 et
1621 1373 1699 1412 per
1725 1361 1768 1400 id

272 1420 574 1462 Christianam
611 1421 880 1469 Ecclesiam,
919 1436 1032 1475 quae
1074 1423 1116 1461 in
1154 1436 1201 1462 se
1239 1436 1326 1462 una
1362 1429 1446 1471 est,
1485 1423 1682 1467 dividere
1723 1423 1766 1462 in

272 1484 434 1539 plures,
463 1491 509 1525 et
536 1485 616 1526 has
639 1485 915 1538 distinguere
943 1486 1186 1525 secundum
1214 1486 1432 1538 dogmata
1458 1485 1559 1526 fidei
1586 1499 1765 1538 separa-

271 1555 359 1589 tae.
441 1548 635 1601 Quando
668 1548 863 1589 charitas
895 1555 940 1588 et
979 1548 1088 1589 fides
1119 1549 1236 1602 apud
1274 1549 1500 1589 hominem
1533 1555 1766 1602 separatae

271 1618 390 1661 sunt,
424 1618 532 1653 tunc
566 1612 764 1652 nescitur
795 1612 899 1665 quid
937 1611 1131 1652 charitas
1168 1619 1213 1652 et
1251 1613 1355 1665 quid
1393 1611 1528 1663 fides;
1572 1612 1767 1652 charitas

271 1675 390 1715 enim
423 1676 548 1716 dabit
586 1682 633 1716 ut
671 1675 781 1716 fides
813 1676 885 1723 sit,
918 1681 963 1715 et
1002 1674 1111 1715 fides
1144 1675 1324 1715 docebit
1357 1675 1469 1725 h0c;
1511 1682 1557 1716 et
1589 1689 1765 1728 quoque

271 1738 466 1779 charitas
504 1738 759 1787 illustrabit,
793 1745 838 1779 et
876 1737 985 1778 fides
1017 1738 1213 1788 videbit;
1256 1752 1391 1791 quare
1429 1738 1463 1778 si
1502 1745 1766 1791 separantur

270 1801 466 1842 charitas
495 1809 541 1843 et
572 1794 698 1851 fides,
727 1816 817 1843 non
850 1809 918 1843 est
951 1815 1038 1842 una
1069 1815 1150 1842 nec
1183 1801 1325 1842 altera
1357 1802 1475 1855 apud
1507 1801 1764 1853 hominem;

270 1872 350 1906 est«
372 1866 486 1906 sicut
519 1866 624 1906 dum
656 1866 799 1906 aufers
831 1865 1068 1906 candelam
1101 1866 1236 1906 etiam
1269 1865 1411 1906 aufers
1444 1865 1603 1913 lucem,
1637 1871 1683 1906 et
1714 1864 1765 1906 fit

269 1928 430 1981 caligo.
493 1929 620 1970 Haec
644 1942 777 1970 causa
800 1936 868 1970 est
887 1929 1006 1982 quod
1029 1942 1106 1981 per
1128 1928 1261 1968 fidem
1289 1927 1459 1982 [hodie]
1484 1927 1766 1981 intelligatur

268 1991 312 2031 id
339 1992 458 2045 quod
484 1992 621 2033 homo
648 1993 789 2033 credit
816 1999 862 2033 et
889 2005 979 2032 non
1006 1993 1156 2042 videt;
1190 1989 1325 2045 quare
1347 1992 1508 2032 dicitur
1533 1992 1652 2046 quod
1679 1992 1763 2033 hoc

268 2068 320 2096 ac
352 2055 461 2096 illud
494 2057 767 2096 credendum
794 2057 877 2106 sit;
910 2062 955 2096 et
982 2057 1058 2095 vix
1092 2055 1249 2109 aliquis
1275 2056 1397 2104 dicit,
1428 2055 1568 2096 “Non
1595 2055 1765 2104 video‚''

268 2119 348 2159 sed
383 2118 604 2160 “Credo”
678 2118 750 2160 Sic
784 2133 917 2160 nemo
949 2120 1033 2160 scit
1066 2132 1171 2158 num
1204 2132 1357 2159 verum
1389 2125 1466 2159 aut
1502 2117 1661 2158 salsum
1693 2119 1763 2159 sit.

269 2181 341 2222 Ita
363 2195 521 2223 caecus
541 2196 723 2223 caecum
746 2183 883 2230 ducit,
902 2189 947 2224 et
971 2183 1105 2223 ambo
1124 2183 1290 2223 cadunt
1313 2183 1357 2222 in
1379 2181 1568 2222 foveam.
1631 2180 1762 2234 Quod

267 2243 379 2286 fides
402 2259 491 2286 non
514 2246 632 2286 aliud
658 2247 715 2287 sit
738 2260 871 2300 quam
894 2247 1074 2294 veritas,
1098 2246 1278 2300 quidem
1301 2245 1562 2298 agnoscitur
1584 2246 1765 2298 quando

268 2308 429 2349 dicitur
460 2310 580 2363 quod
612 2323 765 2350 verum
798 2310 854 2350 sit
886 2308 1003 2358 fidei,
1037 2316 1083 2350 et
1115 2309 1233 2363 quod
1266 2307 1375 2348 fides
1407 2308 1464 2348 sit
1497 2308 1616 2358 veri;
1650 2314 1697 2348 at
1729 2309 1764 2349 si

267 2373 493 2425 quaeritur
525 2387 630 2414 num
663 2374 748 2414 hoc
781 2380 826 2414 et
859 2373 966 2413 illud
999 2380 1067 2414 est
1099 2373 1279 2420 veritas,
1309 2371 1607 2424 respondetur
1640 2371 1763 2413 “Est

267 2435 408 2485 fidei‚'’
435 2450 516 2477 nec
545 2437 735 2490 amplius
767 2437 1011 2490 inquiritur.
1062 2436 1144 2477 ⁴Ita
1175 2441 1440 2488 acceptatur
1465 2448 1546 2487 pro
1572 2435 1763 2477 veritate

267 2497 384 2546 fidei,
409 2499 570 2540 clausis
597 2500 737 2541 oculis
763 2506 809 2540 et
836 2500 1049 2541 obturato
1075 2497 1322 2546 intellectu,
1347 2511 1481 2539 omne
1507 2498 1550 2538 id
1576 2498 1619 2538 in
1644 2499 1762 2551 quod

267 2563 453 2615 quisque
481 2570 611 2604 natus
644 2571 713 2604 est
747 2564 940 2604 credere.
1002 2562 1114 2603 Tale
1141 2575 1323 2603 caecum
1350 2562 1407 2602 ab
1433 2561 1627 2614 antiquis
1658 2575 1761 2602 nus-

198 2664 202 2669 .
267 2638 400 2678 quam
428 2634 638 2667 vocatum
672 2634 741 2668 est
774 2627 909 2677 fides;
943 2627 1022 2667 sed
1054 2627 1097 2667 id
1129 2626 1247 2679 quod
1280 2639 1358 2678 per
1389 2624 1583 2678 aliquam
1616 2624 1761 2666 lucem

266 2688 310 2728 in
329 2690 610 2742 cogitatione
628 2697 870 2743 potuerunt
888 2703 1137 2743 agnoscere
1155 2689 1273 2743 quod
1292 2702 1445 2729 verum
1464 2694 1597 2728 esset.
1650 2687 1761 2729 Inde

266 2759 335 2792 est
363 2753 482 2806 quod
514 2754 557 2793 in
590 2753 742 2806 lingua
775 2753 998 2802 Hebraea,
1026 2754 1190 2794 veritas
1217 2758 1262 2792 et
1291 2750 1402 2792 fides
1429 2764 1515 2791 una
1539 2764 1631 2791 vox
1657 2750 1760 2792 sint.

267 2814 376 2857 Vox
403 2815 480 2856 illa
505 2823 575 2857 est
601 2830 726 2857 amen
752 2824 798 2858 et
825 2830 1000 2858 amuna.
