1962 3328
556 336 624 369 DE
653 336 835 369 DIVINA
866 313 1337 381 SAPIENTiA.—xr[c],
1639 327 1692 370 97

202 457 306 488 cum
327 444 518 485 seientia
539 449 586 484 et
607 442 712 483 inde
734 441 1015 495 cogitatione
1036 439 1245 488 hominis,
1265 453 1450 494 quarum
1472 445 1543 480 est
1565 438 1690 489 fides,

201 521 255 550 ac
286 520 389 549 cum
419 506 658 547 voluntate
694 511 741 545 et
777 502 910 552 facto,
943 516 1131 558 quorum
1166 508 1237 544 est
1274 502 1500 553 charitas3
1538 502 1692 556 pulmo

201 570 340 612 etiam
370 568 695 622 correspondet
726 567 996 620 cogitationi
1030 572 1077 608 et
1112 566 1217 607 inde
1252 564 1369 614 fidei,
1402 578 1454 606 ac
1487 565 1693 606 similiter

201 632 308 683 lux;
339 638 386 672 et
411 644 490 672 cor
514 630 837 683 correspondet
862 629 1090 670 voluntati
1114 635 1162 670 et
1186 629 1292 669 inde
1317 628 1544 677 charitati,
1569 629 1691 669 simi-

202 694 306 736 liter
329 694 465 736 calor.
524 693 600 734 Ex
631 693 701 733 his
730 693 871 733 videri
901 689 1056 746 potest
1081 691 1201 745 quod
1230 692 1276 732 in
1306 690 1393 732 fide
1424 698 1635 744 separata
1665 705 1692 732 a

201 758 425 799 charitate
447 770 537 796 non
559 755 659 809 plus
681 756 802 796 vitae
823 756 882 796 sit
904 768 1038 808 quam
1063 755 1107 795 in
1130 755 1243 795 scire
1265 760 1311 795 et
1334 755 1538 807 cogitare
1560 768 1690 808 sepa-

199 820 309 861 ratis
344 833 371 860 a
400 819 518 860 velle
554 826 602 859 et
637 818 810 869 facere3
850 819 945 859 vita
975 831 1090 871 quae
1119 818 1252 865 inest,
1285 823 1356 858 est
1392 816 1539 857 solum
1570 817 1691 871 quod

200 881 311 923 velit
336 882 554 935 cogitare,
582 887 629 922 et
654 881 789 922 faciat
814 894 863 922 se
889 880 1024 934 loqui,
1050 880 1116 921 ita
1141 880 1337 921 credere.

201 1030 234 1064 7.
267 1029 379 1067 Quare
394 1041 471 1064 cum
487 1030 629 1063 Divinus
643 1039 741 1063 amor
756 1028 890 1079 Domini
909 1028 1030 1079 existi(
1048 1028 1144 1079 αρύό
1163 1028 1337 1079 hon-vinem·
1354 1028 1388 1079 iq
1405 1029 1585 1067 charitate.
1602 1039 1692 1079 quae

332 1077 391 1108 est
406 1075 493 1108 velle
509 1077 545 1108 et
566 1076 683 1107 facere
702 1084 792 1111 rem,
810 1073 930 1107 Dwt‘na
944 1076 1115 1116 saptentm
1131 1073 1262 1106 Bomtm
1278 1076 1398 1106 extem
1410 1073 1505 1116 apud
1523 1073 1691 1107 hommem

330 1118 365 1152 in
381 1119 456 1157 nde,
474 1129 561 1162 quae
577 1121 634 1152 est
646 1118 740 1152 scire
755 1121 792 1151 ot
805 1118 959 1162 cogitate
977 1127 1070 1151 rem.

284 1207 403 1262 Quid
441 1208 628 1248 Divinus
664 1221 791 1248 amor
826 1207 1010 1248 Domini
1046 1213 1094 1248 et
1124 1206 1229 1261 quid
1267 1206 1432 1247 Divina
1467 1207 1690 1260 sapientia

200 1272 358 1326 Ipsius,
386 1285 518 1324 supra
545 1269 713 1311 dictum
739 1276 836 1321 est;
868 1270 924 1311 de
950 1269 1173 1311 charitate
1204 1276 1251 1310 et
1282 1268 1383 1317 fide,
1412 1276 1459 1310 et
1490 1270 1547 1310 de
1579 1283 1688 1310 con-

195 1332 424 1388 junctione
460 1333 644 1374 Domini
679 1334 723 1373 in
754 1346 907 1373 amore
939 1346 1096 1374 usuum
1128 1333 1202 1387 qui
1237 1339 1308 1373 est
1339 1332 1538 1373 charitas
1570 1333 1688 1386 apud

199 1397 444 1446 hominem,
471 1397 610 1437 etiam
641 1394 809 1436 dictum
840 1402 938 1446 est;
970 1409 1088 1437 nunc
1114 1397 1253 1437 etiam
1285 1396 1341 1436 de
1373 1393 1688 1448 conjunctione

203 1459 384 1500 Domini
417 1472 518 1499 cum
554 1458 641 1499 fide
677 1459 795 1511 apud
831 1457 957 1500 illum
988 1459 1174 1499 dicetur.
1250 1458 1471 1498 Dominus
1502 1457 1687 1511 conjun-

201 1522 268 1575 git
290 1521 348 1563 Se
370 1535 471 1562 cum
493 1521 675 1561 homine
696 1522 739 1561 in
758 1521 981 1562 charitate
1001 1527 1048 1562 et
1066 1535 1125 1562 ex
1146 1521 1224 1562 illa
1244 1522 1288 1562 in
1306 1521 1406 1569 fide,
1426 1535 1517 1562 non
1534 1527 1687 1562 autem

200 1585 244 1625 in
274 1583 361 1625 fide
392 1590 439 1625 et
470 1598 528 1624 ex
560 1583 636 1624 illa
667 1585 710 1623 in
743 1583 991 1625 charitate:
1034 1597 1169 1625 causa
1199 1591 1269 1625 est
1300 1585 1402 1638 quia
1433 1582 1687 1636 conjunctio

199 1647 381 1688 Domini
406 1660 507 1687 cum
533 1647 716 1687 homine
741 1653 811 1687 est
836 1647 881 1687 in
906 1660 1060 1688 amore
1084 1646 1335 1688 voluntatis
1360 1646 1452 1700 ejus
1478 1648 1551 1700 qui
1579 1646 1687 1688 facit

198 1711 338 1751 vitam
374 1709 480 1763 ejus,
514 1710 578 1750 ita
614 1711 657 1749 in
689 1709 913 1750 charitate
943 1723 1058 1763 quae
1093 1709 1200 1750 facit
1230 1710 1371 1750 vitam
1408 1709 1687 1763 spiritualem

198 1772 322 1826 ejus;
367 1787 426 1814 ex
466 1772 550 1813 hac
592 1772 813 1812 Dominus
848 1772 1045 1813 vivificat
1081 1786 1189 1813 vera
1225 1773 1533 1826 cogitationis,
1571 1786 1687 1826 quae

198 1842 419 1876 vocantur
447 1849 553 1875 vera
583 1834 698 1883 fidei,
731 1841 778 1876 et
809 1834 1042 1888 conjungit
1078 1835 1155 1876 illa
1186 1836 1319 1876 vitae.
1391 1835 1515 1876 Vera
1545 1836 1688 1889 prima

126 1920 132 1925 ·
198 1898 316 1952 apud
349 1897 594 1946 hominem,
627 1911 740 1951 quae
770 1905 991 1938 vocantur
1021 1897 1146 1947 fides,
1179 1898 1380 1939 nondum
1416 1904 1522 1938 sunt
1558 1898 1685 1949 viva;

198 1967 303 2002 sunt
323 1961 441 2002 enim
464 1960 600 2001 solius
622 1961 863 2001 memoriae
885 1967 931 2001 et
953 1961 1057 2002 inde
1079 1962 1371 2015 cogitationis
1393 1968 1439 2002 et
1462 1959 1684 2015 loquelae,

198 2021 407 2076 adjunfta
437 2024 578 2064 amori
609 2022 700 2075 ejus
732 2023 939 2072 naturali,
971 2024 1045 2077 qui
1076 2038 1135 2064 ex
1167 2037 1247 2064 sua
1278 2024 1484 2077 cupidine
1516 2024 1687 2065 sciendi

198 2087 345 2127 haurit
375 2085 465 2134 illa,
494 2092 540 2126 et
566 2100 624 2126 ex
651 2099 730 2125 sua
754 2086 960 2139 cupidine
992 2086 1275 2139 gloriationis
1306 2101 1366 2127 ex
1398 2087 1588 2127 scientia
1612 2087 1686 2128 vel

198 2163 258 2190 ex
283 2149 533 2190 eruditione
558 2149 733 2189 excitat
758 2148 848 2196 illa,
877 2155 925 2189 ut
950 2148 1023 2189 vel
1055 2150 1229 2201 cogitet
1256 2149 1328 2190 vel
1360 2149 1570 2203 loquatur
1593 2149 1683 2191 illa.

198 2210 266 2252 At
287 2210 364 2252 illa
383 2224 490 2251 vera
511 2217 618 2251 tunc
641 2211 830 2263 primum
847 2210 1129 2251 vivificantur
1144 2211 1324 2265 quando
1341 2211 1479 2252 homo
1496 2225 1685 2265 regene-

197 2279 331 2322 ratur,
369 2272 488 2326 quod
527 2271 577 2313 fit
617 2286 695 2325 per
734 2273 875 2313 vitam
915 2273 1161 2313 secundum
1201 2273 1293 2322 illa,
1326 2288 1440 2327 quae
1477 2275 1572 2314 vita
1614 2281 1686 2316 est

198 2335 407 2377 charitas.
466 2335 594 2375 Tunc
627 2348 755 2375 mens
786 2335 1028 2388 spiritualis
1059 2336 1254 2376 hominis
1285 2337 1496 2390 aperitur,
1523 2337 1568 2377 in
1599 2351 1686 2390 qua

129 2396 133 2399 ’
197 2398 247 2439 fit
269 2395 523 2450 conjunctio
546 2397 727 2438 Domini
749 2411 850 2438 cum
872 2397 1069 2446 homine,
1089 2405 1135 2439 et
1157 2399 1261 2439 inde
1282 2398 1563 2440 vivificantur
1580 2414 1686 2440 vera

197 2460 423 2507 infantiae,
443 2461 670 2513 pueritiae,
691 2467 737 2500 et
756 2461 923 2513 primae
941 2460 1276 2501 adolescentiae
1294 2461 1500 2501 hominis.
1562 2461 1683 2503 Con-

193 2521 362 2575 junGtio
388 2529 484 2563 tum
515 2522 564 2563 fit
597 2522 745 2563 Divini
770 2524 934 2563 amoris
966 2530 1012 2564 et
1047 2522 1275 2577 [Divinae]
1307 2525 1554 2576 sapientiae
1581 2539 1683 2566 cum

198 2585 420 2626 charitate
448 2585 566 2638 apud
597 2585 841 2634 hominem,
869 2599 921 2626 ac
954 2586 1144 2627 Divinae
1175 2587 1423 2639 sapientiae
1455 2594 1500 2627 et
1534 2587 1683 2629 Divini

198 2648 362 2688 amoris
390 2648 434 2688 in
465 2647 551 2688 fide
583 2648 700 2701 apud
731 2648 870 2697 illum,
898 2662 949 2689 ac
981 2649 1086 2689 facit
1118 2656 1166 2689 ut
1198 2650 1313 2689 sicut
1347 2649 1533 2689 Divinus
1558 2663 1684 2690 amor

199 2717 246 2751 et
271 2709 435 2750 Divina
459 2710 679 2763 sapientia
709 2711 753 2750 in
786 2710 983 2752 Domino
1009 2725 1144 2752 unum
1175 2717 1294 2759 sunt,
1322 2712 1460 2752 etiam
1486 2712 1683 2753 charitas

199 2778 246 2813 et
276 2771 386 2813 fides
416 2773 533 2826 apud
565 2771 794 2814 hominem
824 2787 959 2814 unum
990 2774 1093 2815 sint.
1154 2773 1244 2816 Sed
1275 2774 1331 2816 de
1363 2773 1446 2816 hac
1478 2789 1525 2816 re
1556 2774 1683 2829 plura

200 2834 405 2876 dicentur
428 2835 473 2875 in
498 2835 803 2888 explicatione
830 2836 1064 2890 Decalogi.
