1962 3328
620 255 727 289 cAP.
748 257 867 297 xvr,
888 256 1027 289 VERS.
1052 256 1197 301 5.—N.
1218 258 1315 301 971.
1598 230 1648 301 2'5
1657 259 1710 300 39

224 377 272 413 et
303 376 411 412 tunc
443 377 701 424 assumptus
732 377 803 411 est
834 370 1063 411 infernalis
1094 371 1275 424 spiritus
1312 371 1355 411 in
1388 377 1569 419 testem,
1603 385 1709 411 num

224 433 503 486 intelligeret
529 447 634 474 vera
659 434 799 483 caeli;
838 440 885 474 et
916 441 1198 487 compertum
1223 440 1293 474 est
1319 434 1441 487 quod
1471 433 1548 474 illa
1573 434 1709 474 intel-

214 495 390 537 lexerit
420 510 521 537 cum
552 497 737 544 audivit,
770 503 865 537 tam
897 496 1013 536 bene
1044 510 1178 549 quam
1210 497 1392 550 spiritus
1423 497 1598 547 bonus;
1630 497 1710 537 sed

225 559 344 612 quod
368 573 505 612 usque
527 558 720 599 noluerit
742 559 1013 611 intelligere,
1036 559 1330 599 aversabatur
1355 561 1474 600 enirn
1497 559 1588 607 illa,
1607 560 1711 613 quia

224 628 353 662 erant
379 622 588 675 opposita
613 622 743 662 malis
768 628 814 662 et
840 622 944 662 inde
970 622 1092 662 falsis
1118 636 1232 675 quae
1263 623 1303 662 ei
1334 629 1463 663 erant
1485 621 1708 675 jucunda:

225 690 272 724 et
298 682 465 724 dietum
492 690 563 724 est
586 684 707 737 quod
730 684 867 724 homo
894 698 972 737 per
997 684 1122 724 illam
1143 684 1408 724 facultatem
1431 682 1710 737 conjunctio·

226 759 329 786 nem
352 759 453 787 cum
476 746 674 787 Domino
695 747 879 794 habeat,
899 748 1111 800 quoniam
1134 747 1210 787 illa
1228 747 1419 788 facultas
1438 754 1508 787 est
1531 748 1711 800 propria

224 807 410 849 homini.
470 807 603 861 Quod
625 810 802 850 dicatur
819 809 1012 850 facultas
1034 810 1111 849 illa
1132 810 1367 862 deperdita
1386 823 1485 850 esse
1507 824 1566 850 ex
1588 809 1709 849 falsi-

225 869 383 917 ficatis,
410 878 481 911 est
507 872 610 924 quia
635 871 699 911 illi
724 873 798 925 qui
829 871 1177 912 falsificaverunt
1205 871 1406 912 Verbum
1434 885 1524 912 non
1551 871 1710 912 volunt

225 932 479 986 intelligere
501 934 596 987 ipsa
617 948 749 984 vera;
781 941 827 975 et
850 936 923 988 qui
946 948 1036 974 non
1058 935 1232 982 volunt,
1251 941 1355 975 sunt
1379 941 1595 988 tanquam
1619 948 1709 974 non

226 996 440 1050 possint;·
465 997 650 1036 tametsi
681 1004 887 1049 possunt,
921 997 1058 1037 modo
1088 997 1258 1038 velint:
1293 997 1399 1037 dum
1431 998 1550 1038 enirn
1583 1011 1710 1037 mens

226 1071 380 1098 eorum
403 1059 447 1098 in
474 1060 694 1112 oppositis
719 1059 891 1105 haeret,
915 1060 1057 1112 rejicit
1084 1074 1203 1107 vera,
1227 1066 1274 1100 ct
1300 1061 1415 1100 sicut
1439 1060 1597 1100 surdus
1620 1073 1710 1100 non

226 1121 353 1161 audit
387 1121 491 1171 illa;
534 1128 582 1162 at
622 1122 727 1162 dum
768 1124 978 1176 opposita
1017 1130 1321 1171 removentur,
1360 1130 1466 1164 tunc
1508 1123 1557 1163 fit
1594 1124 1710 1164 sicut

226 1185 486 1238 aperiuntur
510 1186 646 1226 surdo
671 1199 813 1226 aures.
876 1186 1004 1226 Haec
1038 1185 1157 1227 dicta
1184 1193 1289 1227 sunt
1322 1194 1369 1227 ut
1402 1187 1569 1227 sciatur
1599 1201 1710 1240 quo-

226 1247 364 1287 modo
399 1247 748 1300 intelligendum
789 1255 859 1289 est
897 1249 1018 1301 quod
1054 1249 1246 1289 facultas
1283 1249 1569 1302 intelligendi
1604 1263 1711 1290 vera

227 1309 368 1350 Verbi
393 1311 451 1350 sit
477 1311 712 1363 deperdita
737 1325 797 1351 ex
823 1311 1080 1352 falsificatis.

226 1396 406 1420 (continuatio
415 1396 446 1417 de
457 1397 553 1423 Quinto
562 1397 720 1423 Praecepto.)

297 1427 423 1473 Supra
436 1427 586 1463 diftum
601 1436 661 1463 est
674 1429 780 1474 quod
795 1430 1106 1465 communicatio
1119 1441 1209 1465 cum
1224 1430 1335 1465 caelo
1350 1442 1428 1465 non
1444 1431 1570 1470 detur,
1586 1431 1712 1476 prius-

226 1485 344 1520 quam
362 1482 516 1510 remota
540 1482 633 1510 sunt
659 1477 762 1510 mala
786 1484 827 1511 et
852 1477 943 1512 inde
970 1477 1067 1511 falsa
1083 1478 1225 1522 quibus
1251 1488 1363 1512 mens
1382 1479 1571 1513 naturalis
1589 1479 1713 1513 obsti-

228 1528 321 1568 pata
344 1528 425 1562 est;
453 1530 546 1557 sunt
570 1523 675 1557 enim
704 1523 770 1557 illa
794 1524 896 1558 sicut
922 1524 1056 1569 nigrae
1076 1525 1200 1558 nubes
1219 1524 1322 1558 inter
1338 1525 1461 1559 solem
1482 1533 1522 1560 et
1539 1525 1711 1564 oculum¹

226 1576 295 1603 aut
311 1569 414 1603 sicut
431 1569 558 1614 paries
577 1570 680 1604 inter
695 1570 823 1604 lucem
841 1571 938 1606 caeli
965 1578 1005 1605 et
1031 1571 1134 1605 inter
1151 1572 1284 1606 lumen
1303 1582 1351 1606 ex
1370 1572 1535 1607 candela
1553 1572 1591 1606 in
1618 1583 1712 1607 con-

226 1615 347 1655 clavi;
377 1615 499 1650 homo
516 1617 621 1651 enim
647 1624 707 1651 est
727 1617 830 1652 sicut
849 1618 1021 1653 inclusus
1038 1618 1229 1657 conclavi,
1247 1618 1314 1652 ubi
1340 1630 1389 1653 ex
1409 1619 1574 1654 candela
1589 1619 1711 1657 videt.

226 1662 415 1707 quamdiu
444 1670 506 1698 est
533 1664 571 1697 in
602 1663 750 1698 lumine
776 1664 898 1699 solius
924 1665 1113 1700 naturalis
1139 1665 1330 1704 hominis:
1364 1666 1433 1700 sed
1465 1673 1508 1700 ut
1542 1666 1710 1711 primum

227 1709 416 1745 naturalis
434 1710 556 1744 homo
574 1710 801 1755 purificatus
818 1719 879 1746 est
899 1723 922 1746 a
943 1712 1055 1746 malis
1081 1719 1121 1746 et
1147 1712 1239 1746 inde
1265 1712 1383 1751 falsis,
1402 1720 1498 1747 tunc
1523 1720 1584 1748 est
1609 1713 1712 1747 sieut

226 1755 359 1790 videat
378 1767 447 1801 per
464 1756 655 1792 fenestras
674 1758 711 1791 in
728 1757 876 1802 pariete
895 1759 961 1792 illa
978 1769 1077 1803 quae
1095 1759 1192 1793 caeli
1211 1767 1304 1793 sunt
1321 1771 1368 1794 ex
1383 1759 1470 1794 luce
1487 1760 1593 1805 ejus:
1620 1771 1711 1794 nam

227 1808 273 1836 ut
299 1803 470 1848 primum
501 1812 654 1838 remota
677 1812 771 1839 sunt
797 1805 910 1844 mala,
936 1813 1032 1840 tunc
1057 1806 1232 1851 aperitur
1258 1817 1369 1840 mens
1396 1807 1585 1851 superior,
1611 1818 1712 1852 quae

227 1856 393 1884 vocatur
413 1861 524 1885 mens
549 1851 776 1896 spiritualis,
794 1863 895 1896 quae
922 1852 960 1886 in
988 1863 1029 1886 se
1054 1851 1232 1897 spectata
1256 1861 1317 1887 est
1341 1860 1460 1898 typus
1485 1865 1553 1888 seu
1581 1854 1713 1899 imago

226 1896 346 1936 caeli;
373 1908 442 1942 per
458 1897 560 1932 hanc
579 1898 707 1932 influit
726 1898 932 1938 Dominus,
951 1906 991 1934 et
1009 1899 1103 1933 facit
1122 1907 1166 1934 ut
1182 1901 1315 1934 videat
1341 1911 1388 1935 ex
1415 1901 1502 1935 luce
1527 1901 1647 1939 caeli:
1672 1908 1713 1935 et

228 1943 413 1988 perhanc
426 1955 584 1989 quoque
600 1944 787 1979 reformat
801 1953 842 1980 et
853 1946 1025 1991 denique
1039 1954 1246 1992 regenerat
1259 1947 1478 1981 naturalem
1495 1948 1711 1987 hominem,

227 2000 274 2024 ac
301 1990 509 2035 implantat
538 2002 632 2026 vera
659 1993 748 2026 loco
777 1992 976 2032 falsorum,
998 2001 1037 2027 et
1064 1994 1170 2028 bona
1199 1994 1286 2028 loco
1313 1995 1505 2028 malorum
1535 1995 1609 2033 ibi:
1636 1995 1712 2029 hoc

229 2035 323 2071 facit
343 2037 537 2072 Dominus
555 2049 625 2083 per
648 2049 823 2074 amorem
850 2040 1106 2084 spiritualem,
1125 2041 1192 2085 qui
1218 2048 1279 2075 est
1304 2052 1416 2075 amor
1432 2042 1513 2075 veri
1540 2049 1580 2076 et
1606 2042 1712 2076 boni.

230 2082 366 2117 Homo
376 2091 471 2118 tunc
486 2084 525 2118 in
541 2085 673 2120 medio
686 2086 787 2120 inter
797 2087 911 2120 binos
922 2098 1077 2121 amores
1088 2088 1329 2122 constitutus
1341 2095 1412 2127 est,
1424 2088 1526 2122 inter
1537 2099 1710 2123 amorem

228 2130 320 2164 mali
334 2138 375 2165 et
389 2131 491 2166 inter
500 2142 673 2166 amorem
690 2133 781 2166 boni
793 2145 801 2172 ;
822 2134 982 2178 quando
993 2145 1105 2168 amor
1116 2135 1207 2168 mali
1223 2135 1380 2171 recedit.
1393 2146 1504 2169 amor
1515 2135 1608 2169 boni
1623 2135 1713 2169 loco

228 2177 315 2222 eJ'us
326 2178 515 2212 succedit:
534 2189 645 2213 amor
660 2179 751 2213 mali
766 2181 880 2215 unice
896 2181 1043 2217 recedit
1058 2192 1127 2225 per
1136 2181 1257 2215 vitam
1272 2182 1488 2216 secundum
1505 2189 1713 2226 praecepta

228 2223 418 2269 decalogi,
438 2235 580 2270 nempe
597 2233 640 2259 ut
658 2226 824 2260 desistat
849 2238 872 2261 a
898 2228 1011 2262 malis
1029 2228 1080 2261 ibi
1099 2228 1302 2263 recensitis
1320 2229 1412 2273 quia
1430 2236 1590 2272 peccata
1607 2236 1711 2267 sunt.

227 2280 273 2305 ac
285 2270 457 2317 denique
474 2278 518 2306 ut
537 2271 662 2317 fugiat
682 2273 746 2308 illa
762 2274 863 2308 sicut
883 2274 1098 2309 infernalia.
1131 2274 1275 2314 Verbo,
1290 2276 1477 2320 quamdiu
1497 2275 1618 2309 homo
1632 2286 1711 2310 non

229 2317 385 2352 desistit
402 2328 426 2352 a
443 2318 555 2353 malis
572 2319 665 2364 quia
683 2328 843 2364 peccata
860 2328 964 2359 sunt,
980 2332 1091 2356 mens
1106 2322 1321 2366 spiritualis
1332 2322 1464 2356 clausa
1482 2329 1563 2359 est:
1589 2329 1650 2356 ast
1669 2330 1712 2356 ut

229 2363 399 2408 primum
426 2365 548 2399 homo
565 2366 721 2400 desistit
746 2377 769 2401 a
795 2368 908 2402 malis
933 2368 1026 2412 quia
1051 2376 1212 2413 peccata
1237 2376 1340 2406 sunt,
1361 2379 1471 2402 mens
1497 2369 1712 2413 spiritualis

227 2411 413 2455 aperitur,
431 2418 472 2446 et
484 2422 573 2446 cum
594 2413 660 2447 illa
674 2421 806 2448 mente
820 2415 938 2448 etiam
953 2416 1125 2454 caelum:
1151 2426 1231 2460 quo
1248 2423 1386 2460 aperto
1405 2415 1526 2449 homo
1542 2416 1579 2449 in
1594 2416 1711 2450 aliam

229 2456 356 2491 lucem
367 2458 475 2492 venit
492 2460 622 2504 quoad
641 2461 775 2494 omnia
791 2472 891 2506 quae
909 2462 1108 2500 ecclesiae,
1120 2462 1216 2496 caeli
1232 2470 1271 2496 et
1285 2462 1389 2496 vitae
1408 2470 1590 2497 aeternae
1608 2470 1711 2501 sunt.

229 2504 389 2539 tametsi
407 2504 669 2540 differentiam
691 2507 809 2551 hujus
827 2508 924 2542 lucis
942 2515 982 2542 et
1001 2509 1152 2552 prioris,
1171 2509 1359 2553 quamdiu
1376 2509 1413 2542 in
1434 2509 1584 2543 mundo
1601 2509 1711 2549 vivit,

229 2560 344 2595 aegre
359 2558 492 2596 potest
505 2553 839 2588 animadvertere:
863 2565 980 2589 causa
999 2562 1058 2589 est
1076 2556 1168 2599 quia
1187 2555 1309 2589 horno
1328 2556 1365 2589 in
1386 2556 1536 2590 mundo
1555 2563 1712 2590 natura-

230 2596 321 2631 liter
340 2599 491 2643 cogitat
508 2599 627 2633 etiam
654 2601 703 2634 de
729 2595 1008 2645 spiritualibus,
1028 2612 1073 2636 ac
1099 2602 1317 2646 spiritualia
1342 2602 1586 2637 naturalibus
1613 2603 1711 2637 ideis

230 2643 381 2678 inclusa
413 2652 506 2680 sunt
539 2657 663 2691 usque
691 2647 785 2681 dum
818 2648 939 2682 homo
972 2659 994 2682 e
1024 2648 1191 2682 naturali
1224 2649 1371 2682 mundo
1400 2649 1437 2682 in
1468 2650 1711 2694 spiritualem

229 2690 382 2730 transit,
394 2691 460 2726 ubi
478 2699 574 2727 tune
590 2694 809 2738 spiritualia
827 2695 1092 2734 recluduntur,
1112 2695 1382 2740 percipiuntur
1399 2703 1438 2730 et
1458 2695 1712 2731 manifestan-

228 2742 305 2771 tur.

309 2836 434 2879 9¹71·
454 2838 559 2876 [Vers.
571 2841 615 2878 5,]
637 2830 714 2870 “ft
727 2831 861 2870 audivi
869 2832 1054 2884 anyolum
1068 2845 1265 2884 aquarum
1278 2832 1709 2885 dicentem.''—Quod

230 2887 453 2940 significet
483 2891 856 2943 praedicationem
877 2893 1087 2946 justitiae
1119 2893 1303 2934 Domini
1336 2908 1358 2934 e
1391 2908 1525 2947 reg-no
1559 2894 1711 2947 Ipsius
