1962 3328
230 271 254 300 2
261 258 343 313 564
643 268 975 300 APOCALvPsis
1008 267 1306 300 EXPLICATA.

227 382 365 430 rum‚’'
382 382 500 436 quod
527 383 616 423 sint
641 395 834 422 nauseae
858 396 916 422 ex
940 381 1069 422 malis
1087 381 1234 432 vitae;
1263 382 1382 435 quod
1406 396 1483 435 per
1503 382 1722 424 “ulcera’'

227 445 539 498 significentur
565 446 683 486 mala
710 459 848 498 opera
874 459 988 498 quae
1014 459 1072 485 ex
1100 446 1280 498 proprio
1307 445 1515 493 hominis,
1544 452 1590 486 et
1617 447 1720 486 inde

226 506 568 547 falsificationes
599 507 692 546 veri
728 513 774 546 et
812 506 933 553 boni,
966 506 1176 546 videatur
1206 520 1341 559 supra
1373 517 1418 555 (n.
1439 506 1564 558 962);
1599 507 1720 560 quod

228 584 394 611 nausea
418 570 706 623 significetur,
732 578 800 610 est
825 571 926 623 quia
949 570 1219 623 intelligitur
1241 571 1371 611 dolor
1397 585 1455 611 ex
1482 571 1719 622 ulceribus,

227 641 412 686 propter
444 647 576 687 quem
603 633 978 686 blasphemarunt
1008 633 1153 673 Deum
1181 633 1319 682 Caeli,
1349 634 1428 674 sed
1462 647 1602 687 usque
1630 647 1721 674 non

227 697 499 749 intelligitur
525 696 654 736 dolor
681 703 935 749 propterea,
960 696 1040 736 sed
1067 710 1234 737 nausea
1260 710 1340 749 pro
1366 698 1482 737 veris
1512 703 1558 737 et
1591 697 1721 737 bonis

228 775 287 801 ex
314 760 414 800 illis.
993 756 1003 769 ”

230 860 239 880 f
243 861 409 881 continuatio
419 859 448 880 de
458 860 534 880 Sexto
544 860 701 884 Praecepto.»

301 896 461 932 Dicffum
482 904 541 932 est
559 898 665 943 quod
685 908 797 932 amor
813 897 995 931 adulterii
1015 897 1066 932 sit
1085 897 1186 942 ignis
1204 908 1251 932 ex
1271 897 1433 942 impuris
1449 897 1640 938 incensus,
1655 897 1724 943 qui

228 945 337 980 brevi
364 945 564 990 deflagrat,
587 951 627 978 et
651 944 819 979 vertitur
841 944 878 978 in
901 943 1033 989 frigus,
1053 954 1099 978 ac
1121 944 1159 978 in
1181 945 1468 979 aversationem
1494 955 1725 989 correspon-

229 992 389 1027 dentem
409 992 524 1026 odio:
553 991 725 1026 vicissim
745 998 877 1025 autem
897 1001 1008 1025 amor
1025 991 1219 1036 conjugii;
1250 991 1314 1025 hic
1340 998 1400 1026 est
1419 991 1519 1037 ignis
1537 1002 1725 1026 accensus

229 1050 278 1074 ex
297 1049 430 1073 amore
449 1038 541 1072 boni
557 1045 596 1072 et
607 1039 688 1072 veri
702 1045 741 1072 et
755 1038 991 1083 exjucundo
1005 1038 1287 1078 benefaciendi,
1304 1038 1358 1072 ita
1375 1049 1423 1072 ex
1437 1049 1570 1073 amore
1590 1038 1628 1072 in
1646 1038 1726 1072 Do·-

231 1086 381 1120 minum
401 1091 441 1120 et
459 1096 506 1119 ex
524 1096 658 1119 amore
676 1096 769 1131 erga
786 1084 1031 1130 proximum;
1059 1084 1123 1118 hic
1145 1084 1256 1130 ignis,
1276 1085 1342 1130 qui
1361 1096 1409 1119 ex
1427 1085 1564 1131 orgine
1578 1096 1649 1120 sua
1666 1091 1726 1120 est

230 1133 421 1172 caelestis,
453 1132 592 1177 plenus
622 1138 682 1166 est
710 1131 896 1177 jucundis
931 1131 1292 1171 innumerabilibus,
1323 1138 1421 1177 quot
1450 1132 1601 1166 scilicet
1634 1138 1727 1166 sunt

229 1179 499 1225 jucunditates
517 1186 557 1214 et
574 1179 841 1213 beatitudines
859 1178 976 1213 caeli:
1007 1177 1156 1212 dictum
1178 1178 1274 1212 mihi
1293 1186 1352 1213 est
1371 1179 1478 1224 quod
1496 1179 1664 1213 totidem
1687 1185 1727 1214 et

230 1226 330 1261 tales
349 1226 512 1261 deliciae
530 1233 570 1260 et
588 1226 849 1260 amoenitates
869 1225 906 1259 in
928 1226 994 1260 illo
1008 1236 1141 1276 amore
1160 1225 1250 1265 sint,
1269 1237 1370 1270 quae
1391 1236 1460 1270 per
1476 1226 1582 1261 vices
1602 1226 1727 1260 mani-

231 1274 436 1313 festantur,
459 1280 502 1307 ut
524 1284 603 1307 non
626 1273 665 1306 in
688 1283 894 1307 numerum
918 1283 989 1307 nec
1011 1273 1048 1306 in
1072 1273 1379 1317 descriptionem
1401 1273 1568 1313 cadant;
1595 1273 1727 1307 multi-

233 1320 429 1366 plicantur
449 1320 568 1355 etiam
587 1330 676 1354 cum
698 1319 922 1365 augmentis
945 1320 982 1353 in
1006 1326 1221 1354 aeternum.
1273 1319 1396 1365 Origo
1416 1320 1568 1354 illarum
1587 1320 1727 1365 jucun-

233 1367 403 1402 ditatum
422 1374 482 1402 est
500 1378 547 1402 ex
565 1378 623 1405 eo,
639 1367 746 1411 quod
765 1366 955 1412 conjuges
969 1367 1093 1401 velint
1107 1366 1209 1400 uniri
1226 1366 1262 1400 in
1280 1377 1401 1400 unum
1417 1367 1548 1411 quoad
1564 1373 1726 1406 mentes,

233 1421 272 1449 et
290 1415 397 1460 quod
418 1414 456 1448 in
474 1415 593 1448 talem
613 1414 800 1448 unionem
820 1413 1020 1458 conspiret
1038 1414 1189 1448 caelum
1209 1424 1256 1447 ex
1275 1413 1462 1458 conjugio
1481 1413 1573 1448 boni
1592 1420 1631 1448 et
1645 1413 1727 1448 veri

233 1473 257 1496 a
276 1461 450 1496 Domino
470 1461 533 1495 ibi.
584 1460 712 1495 Velim
728 1461 859 1506 aliqua
877 1460 926 1494 de
940 1460 1136 1506 conjugiis
1154 1461 1383 1505 angelorum
1399 1461 1437 1494 in
1453 1461 1562 1495 caelo
1575 1459 1728 1495 referre.

235 1509 384 1543 Dicunt
411 1508 518 1553 quod
546 1508 584 1542 in
612 1508 791 1552 potentia
816 1507 895 1541 sint
920 1507 1130 1547 continua;
1160 1507 1266 1552 quod
1295 1514 1384 1552 post
1405 1506 1516 1542 aCtus
1534 1518 1727 1552 nusquam

233 1556 285 1591 sit
304 1555 506 1594 lassitudo,
526 1555 655 1589 minus
675 1554 882 1592 maestitia,
902 1555 970 1588 sed
997 1553 1177 1588 alacritas
1195 1554 1300 1588 vitae
1321 1560 1361 1588 et
1386 1554 1562 1588 hilaritas
1589 1553 1729 1594 animi:

233 1603 341 1648 quod
361 1602 551 1647 conjuges
571 1602 608 1635 in
627 1601 715 1636 sinu
735 1601 861 1635 mutui
882 1599 1115 1646 pernoctent
1134 1601 1236 1635 sicut
1263 1601 1301 1634 in
1329 1611 1451 1634 unum
1477 1601 1598 1635 creati
1617 1607 1729 1640 sunt:

234 1650 341 1695 quod
361 1648 524 1683 effectus
543 1655 773 1683 constanter
786 1648 865 1682 sint
882 1648 1018 1692 aperti,
1038 1654 1082 1682 ut
1096 1658 1289 1692 nusquam
1310 1647 1440 1682 desint
1466 1648 1560 1681 dum
1579 1647 1729 1687 volunt,

234 1697 327 1742 quia
345 1697 493 1741 absque
512 1696 572 1730 his
592 1695 693 1730 foret
711 1706 823 1729 amor
838 1695 942 1729 sicut
954 1705 1056 1729 vena
1074 1695 1258 1729 obturata
1276 1694 1416 1734 fontis;
1442 1693 1605 1729 effectus
1625 1695 1730 1729 illam

234 1743 430 1788 aperit‚‚et
449 1743 542 1777 facit
564 1742 862 1787 perennitatem,
882 1748 921 1776 et
939 1753 1098 1787 quoque
1116 1740 1437 1786 conjunctionem
1457 1748 1500 1775 ut
1519 1742 1614 1776 fiant
1629 1741 1732 1776 sicut

236 1802 315 1825 una
341 1801 444 1829 caro,
464 1801 554 1824 nam
581 1789 700 1823 vitale
727 1789 798 1823 viri
825 1800 866 1823 se
893 1788 1004 1823 addit
1025 1788 1134 1823 vitali
1161 1789 1304 1828 uxoris,
1324 1795 1363 1822 et
1388 1789 1568 1833 copulat:
1594 1788 1732 1823 dicunt

236 1837 345 1882 quod
359 1837 522 1871 deliciae
539 1835 750 1871 effeRuum
772 1846 849 1870 non
866 1835 1019 1881 possint
1034 1835 1200 1870 describi
1216 1835 1378 1870 vocibus
1391 1836 1556 1880 alicujus
1574 1835 1732 1880 linguae

239 1885 277 1918 in
300 1884 467 1918 naturali
496 1884 646 1918 mundo
672 1894 744 1917 nec
770 1882 936 1928 cogitari
965 1882 1062 1917 ideis
1089 1882 1163 1917 nisi
1190 1893 1306 1927 quam
1334 1882 1612 1927 spiritualibus,
1631 1893 1732 1927 quae

240 1939 375 1966 tamen
396 1941 475 1965 non
494 1930 743 1965 exhauriunt.
797 1929 907 1964 Haec
925 1930 973 1964 ab
988 1929 1136 1975 angelis
1155 1929 1251 1963 mihi
1271 1928 1377 1963 dicia
1394 1935 1497 1964 sunt.

317 2053 456 2095 993.
487 2042 563 2082 “At
583 2055 660 2082 non
680 2041 943 2093 resipuerunt
960 2054 1014 2081 ex
1034 2041 1221 2093 operibus
1242 2039 1564 2092 suis.''—Quod
1590 2040 1731 2092 signi-

237 2107 342 2148 ficet
365 2107 483 2160 quod
503 2121 585 2146 non
611 2106 832 2146 voluerint
852 2106 1000 2146 vivere
1023 2105 1256 2145 secundum
1276 2111 1516 2157 praecepta
1536 2105 1729 2151 Domini,

239 2177 424 2211 constat
443 2184 501 2210 ex
522 2169 851 2222 significatione
873 2174 897 2188 “
911 2168 1212 2221 resipiscere,”
1229 2169 1348 2221 quod
1367 2169 1424 2208 sit
1441 2168 1574 2208 aliam
1590 2169 1732 2208 vitam

240 2248 402 2287 agere;
442 2239 487 2273 et
525 2247 584 2273 ex
619 2232 949 2285 significatione
985 2236 1206 2284 “operum
1240 2229 1460 2277 suorum,”
1491 2226 1613 2282 quod'
1643 2229 1732 2269 sint

241 2297 361 2338 mala
379 2311 437 2337 ex
458 2296 597 2345 falsis;
626 2309 728 2335 nam
749 2296 822 2348 qui
841 2301 1053 2347 separant
1074 2293 1206 2333 fidem
1225 2293 1281 2333 ab
1299 2293 1519 2345 operibus,
1540 2292 1733 2332 dicendo

241 2360 360 2413 quod
394 2373 530 2412 opera
562 2359 664 2412 quia
695 2359 752 2398 ab
785 2358 967 2397 homine
1000 2370 1090 2396 non
1123 2357 1212 2396 sint
1246 2356 1378 2403 bona,
1412 2361 1457 2395 et
1490 2354 1609 2407 quod
1642 2355 1731 2395 sint

243 2424 486 2471 meritoria,
521 2423 583 2462 ita
621 2435 711 2461 non
750 2420 1067 2472 conjungenda
1099 2419 1201 2459 fidei
1233 2432 1347 2471 quae
1380 2424 1449 2458 est
1487 2417 1731 2470 spiritualis

242 2493 289 2526 et
322 2485 588 2538 justificans,
623 2484 685 2524 illi
724 2484 892 2524 faciunt
931 2483 1049 2522 mala
1086 2497 1144 2522 ex
1181 2482 1333 2531 falsis3
1377 2495 1435 2521 ex
1469 2480 1582 2520 salso
1613 2481 1732 2520 enim

241 2549 459 2601 principio
492 2548 628 2588 homo
662 2561 750 2587 non
784 2553 996 2599 operatur
1028 2545 1210 2598 aliquod
1243 2544 1425 2591 bonum,
1459 2549 1505 2583 et
1537 2543 1609 2582 ubi
1642 2556 1732 2582 non

241 2613 409 2652 bonum
425 2612 482 2651 ibi
499 2617 568 2651 est
585 2611 751 2650 malum
770 2624 778 2659 ;
807 2609 938 2649 aliter
954 2609 1058 2648 dum
1076 2608 1212 2648 homo
1227 2606 1471 2647 secundum
1488 2611 1735 2658 praecepta

243 2675 428 2715 Domini
454 2675 579 2721 vivit,
605 2688 718 2727 quae
746 2679 865 2719 sunt,
891 2672 1010 2725 quod
1037 2670 1358 2711 abstinendum
1382 2669 1438 2708 sit
1466 2682 1491 2708 a
1518 2668 1661 2715 malis,
1686 2674 1734 2708 et

244 2738 365 2791 quod
397 2737 601 2777 facienda
633 2738 722 2776 sint
757 2737 901 2776 bona:
940 2734 1043 2774 inde
1075 2747 1154 2787 per
1187 2732 1330 2772 “Non
1361 2733 1642 2784 resipuerunt
1675 2745 1734 2771 ex

244 2801 452 2854 operibus
471 2800 598 2848 suis‚‘'
617 2799 894 2852 significatur
912 2798 1030 2851 quod
1051 2810 1140 2837 non
1163 2796 1386 2837 voluerint
1405 2795 1553 2835 vivere
1573 2806 1733 2834 secun-

245 2865 350 2904 dum
378 2869 622 2916 praecepta
651 2862 845 2902 Domini.
