1962 3328
298 287 407 340 2698
712 296 1044 330 APOCALYPSIS
1077 298 1376 330 EXPLICATA.

296 421 385 445 cum
413 409 605 465 cogitatio
631 410 730 445 lucis
749 410 922 445 hominis
949 410 993 445 fit
1018 411 1210 456 cogitatio
1231 411 1376 446 amoris
1396 412 1493 465 ejus,
1515 412 1789 447 introducatur

296 457 446 492 homo
438 469 476 491 in
495 458 658 497 caelum,
678 458 779 492 sicut
799 458 837 491 in
854 458 1035 511 nuptias;
1062 466 1101 492 et
1123 466 1314 503 quantum
1342 470 1454 493 amor
1480 459 1517 493 in
1544 459 1788 513 cogitatione

295 505 393 540 lucis
412 505 558 550 primas
577 505 668 550 agit,
688 511 756 539 aut
774 504 1058 550 cogitationem
1079 505 1184 539 illam
1204 506 1323 546 ducit,
1343 513 1497 540 tantum
1517 506 1638 541 homo
1666 506 1787 540 intrat

295 552 458 591 caelum,
488 552 589 587 sicut
617 562 763 596 sponsa
788 551 1017 592 thalamum,
1049 559 1088 587 et
1116 552 1249 592 nubit;
1277 552 1315 586 in
1343 553 1475 587 Verbo
1501 553 1604 588 enim
1624 560 1790 588 vocatur

297 598 518 634 Dominus‘
525 597 754 643 Sponsus''
774 604 840 633 et‘
845 598 1068 639 ‘Maritus,''
1087 610 1132 634 ac
1150 599 1302 634 caelum
1329 606 1369 634 et
1387 599 1577 635 ecclesia‘
1582 599 1788 645 ‘Sponsa”

294 653 334 681 et
354 652 372 664 ¹·
387 646 497 681 Uxor
510 645 540 680 :''
568 657 637 690 per
651 650 671 663 ‘⁴
683 646 829 680 nubere
842 645 860 656 '⁷
877 646 1111 691 intelligitur
1127 647 1317 692 conjungi
1331 647 1441 681 caelo
1458 647 1495 681 in
1515 647 1683 692 quadam
1703 648 1788 692 ejus

294 693 505 732 societate;
526 700 566 727 et
580 693 614 727 ei
630 699 785 727 tantum
799 693 1055 738 conjungitur
1064 700 1255 738 quantum
1270 694 1572 739 intelligentiam
1584 701 1624 728 et
1635 694 1789 739 sapien-

293 740 390 775 tiam
411 751 458 774 ex
479 740 654 774 Domino
667 751 736 784 per
754 739 957 774 Verbum
949 751 987 773 in
1008 741 1156 775 mundo
1175 740 1249 775 sibi
1268 747 1575 786 comparaverat,
1594 741 1648 775 ita
1666 751 1789 787 quan—

293 794 379 822 tum
403 798 472 840 per
493 787 637 821 Divina
654 798 747 821 vera
772 787 912 821 didicit
937 787 1112 840 cogitare
1131 788 1237 841 quod
1259 787 1365 822 Deus
1383 788 1446 827 sit,
1465 794 1505 822 et
1523 788 1630 833 quod
1651 787 1787 823 Domi-

294 845 367 869 nus
386 835 438 869 sit
457 834 520 868 ille
541 833 670 874 Deus;
696 834 763 879 qui
783 841 915 868 autem
935 845 982 868 ex
1001 834 1135 888 paucis
1153 835 1267 874 veris,
1288 835 1342 869 ita
1359 846 1407 869 ex
1423 846 1547 880 pauca
1565 835 1788 888 intelligen-

292 882 358 921 tia,
380 881 411 916 is
430 882 524 915 dum
543 881 694 927 cogitat
711 892 759 916 ex
777 892 922 920 amore,
941 881 1197 927 conjungitur
1214 882 1375 935 quidem
1402 883 1522 922 caelo,
1542 882 1639 917 sed
1630 893 1669 916 m
1688 882 1788 917 ulte-

294 929 462 963 rioribus
489 929 585 974 ejus.
639 928 714 963 Per
734 939 910 962 amorem
939 928 1174 974 intelligitur
1199 939 1312 963 amor
1338 929 1376 962 in
1406 909 1634 969 Dominum,
1653 935 1693 964 et
1720 940 1789 974 per

292 987 423 1010 amare
452 975 668 1010 Dominum
701 986 779 1010 non
812 975 1047 1021 intelligitur
1071 986 1202 1010 amare
1234 975 1450 1010 Dominum
1478 982 1522 1010 ut
1554 976 1788 1016 Personam;

293 1034 361 1068 per
380 1023 486 1057 hunc
504 1023 633 1057 solum
652 1033 826 1057 amorem
848 1033 926 1056 non
941 1022 1198 1068 conjungitur
1216 1023 1338 1057 homo
1364 1023 1485 1063 caelo,
1504 1024 1572 1058 sed
1592 1034 1660 1068 per
1678 1034 1788 1058 amo-

293 1081 374 1105 rem
404 1069 538 1104 Divini
568 1069 669 1104 Boni
696 1080 741 1104 ac
769 1069 902 1103 Divini
918 1069 1022 1109 Veri
1042 1081 1141 1115 quae
1168 1077 1260 1104 sunt
1284 1070 1479 1105 Dominus
1506 1070 1544 1104 in
1563 1070 1672 1105 caelo
1690 1077 1730 1104 et
1749 1070 1786 1104 in

291 1116 477 1157 ecclesia;
504 1124 544 1151 et
562 1117 643 1151 duo
662 1116 729 1151 illa
747 1127 826 1151 non
845 1123 1029 1151 amantur
1047 1128 1116 1162 per
1133 1117 1232 1152 scire
1252 1117 1327 1157 illa,
1346 1117 1521 1163 cogitare
1548 1117 1623 1157 illa,
1644 1117 1788 1152 intelli-

291 1175 382 1210 gere
403 1164 478 1204 illa,
498 1171 538 1198 et
557 1164 666 1208 loqui
687 1163 762 1203 illa,
782 1164 851 1198 sed
870 1175 939 1209 per
949 1164 1051 1198 velle
1065 1171 1105 1199 et
1120 1163 1247 1199 facere
1263 1164 1329 1198 illa
1344 1171 1554 1210 propterea
1567 1165 1660 1209 quia
1678 1175 1789 1198 man-

293 1212 386 1246 data
405 1217 497 1246 sunt
515 1222 538 1245 a
560 1210 743 1250 Domino,
763 1218 803 1245 et
819 1211 909 1246 inde
927 1211 1020 1256 quia
1044 1222 1136 1246 usus
1155 1218 1258 1246 sunt.
1299 1211 1404 1246 Nihil
1426 1211 1532 1256 prius
1550 1219 1609 1246 est
1628 1212 1787 1256 plenum

292 1269 411 1303 quam
430 1269 519 1293 cum
540 1257 686 1292 factum
707 1265 786 1298 est;
813 1268 857 1292 ac
876 1257 1023 1292 factum
1051 1265 1111 1293 est
1129 1258 1228 1298 finis,
1248 1265 1288 1293 et
1306 1258 1396 1293 finis
1414 1265 1576 1304 propter
1592 1269 1709 1304 quem
1729 1265 1789 1293 est

292 1316 424 1346 amor;
451 1316 571 1351 quare
590 1316 638 1340 ex
656 1315 791 1339 amore
805 1305 967 1339 volendi
982 1312 1021 1340 et
1040 1305 1208 1340 faciendi
1224 1305 1371 1350 aliquid
1387 1306 1522 1340 existit
1539 1316 1651 1340 amor
1663 1305 1789 1340 scien-

291 1353 342 1392 di,
362 1352 575 1398 cogitandi,
604 1352 850 1398 intelligendi
879 1352 986 1387 illud.
1040 1352 1114 1386 Dic
1140 1353 1247 1391 mihi,
1271 1363 1340 1387 cur
1364 1353 1424 1387 vis
1450 1352 1598 1398 aliquid
1625 1353 1723 1387 scire
1749 1360 1789 1387 et

293 1400 521 1445 intelligere,
542 1399 616 1434 nisi
643 1406 806 1444 propter
833 1399 950 1434 finem
978 1410 1095 1444 quem
1122 1399 1257 1434 amas?
1310 1399 1418 1434 Finis
1437 1410 1536 1445 quae
1558 1406 1712 1434 amatur
1729 1406 1789 1434 est

292 1446 450 1482 fac'tum.
503 1446 542 1481 Si
564 1447 663 1481 dicis
690 1453 853 1492 propter
877 1446 1006 1486 fidem,
1027 1453 1086 1481 est
1113 1447 1210 1481 fides
1237 1447 1322 1482 sola
1346 1458 1415 1481 seu
1442 1458 1548 1482 mere
1574 1446 1789 1492 cogitativa

291 1495 441 1540 absque
469 1493 546 1528 fide
573 1493 727 1533 actuali,
747 1504 848 1539 quae
874 1500 934 1528 est
960 1492 1119 1534 factum,
1141 1505 1220 1528 non
1247 1505 1327 1528 ens.
1380 1493 1552 1529 Maxime
1582 1493 1726 1528 falleris
1757 1493 1788 1528 si

293 1547 409 1587 putas
428 1548 468 1576 te
486 1541 645 1576 credere
665 1541 703 1574 in
725 1541 865 1580 Deum,
885 1547 924 1575 et
944 1551 1023 1575 non
1043 1540 1175 1576 fflfaeis
1193 1552 1292 1587 quae
1321 1541 1394 1575 Dei
1421 1548 1532 1581 sunt:
1560 1552 1649 1575 nam
1672 1541 1789 1576 docet

293 1588 488 1623 Dominus
506 1588 611 1633 apud
634 1588 861 1635 Joltannem,

351 1679 368 1689 ‘¹
384 1675 447 1712 Qui
461 1675 557 1703 habet
571 1679 740 1712 praecepta
762 1683 834 1703 mea
848 1679 878 1703 et
901 1674 973 1703 facit
995 1674 1057 1709 illa,
1073 1675 1125 1703 ille
1140 1679 1186 1703 est
1202 1674 1255 1711 qui
1271 1679 1356 1703 amat
1380 1675 1437 1703 Me
1441 1697 1530 1709 .....
1547 1679 1576 1703 et
1592 1675 1789 1703 mansionem

452 1715 640 1794 {pugilliim
654 1715 671 1793 ')'
685 1715 795 1743 faciam
808 1725 814 1750 ;
840 1715 922 1752 “qui
938 1724 1013 1744 vero
1029 1724 1093 1743 non
1105 1719 1191 1743 amat
1207 1715 1274 1749 Me,
1289 1716 1384 1743 verba
1398 1724 1469 1744 mea
1484 1724 1549 1744 non
1565 1720 1666 1744 servat
1677 1714 1694 1724 ''
1712 1715 1787 1752 (xiv.

495 1780 500 1789 .
553 1765 581 1793 3.
615 1765 653 1792 24
671 1778 679 1786 .

290 1838 434 1878 Verbo,
465 1849 596 1873 amare
626 1844 666 1872 et
696 1837 823 1873 facere
855 1849 976 1872 unum
1008 1844 1121 1878 sunt:
1155 1849 1276 1883 quare
1306 1838 1372 1872 ubi
1408 1838 1446 1872 in
1476 1838 1609 1873 Verbo
1643 1838 1789 1873 dicitur

291 1886 487 1925 “amare,’'
504 1885 736 1930 intelligitur
750 1885 896 1925 facere;
918 1891 959 1919 et
973 1885 1038 1919 ubi
1054 1885 1199 1920 dicitur
1212 1890 1231 1902 “
1243 1885 1405 1926 facere,”
1419 1885 1537 1920 etiam
1554 1885 1789 1931 intelligitur

290 1943 440 1967 amare:
467 1943 557 1967 nam
576 1933 683 1978 quod
702 1943 793 1967 amo
813 1932 888 1967 hoc
910 1932 1026 1967 facio.

361 2063 509 2093 1100
519 2051 612 2105 [a].
655 2052 733 2091 “Et
760 2051 945 2092 custodia
967 2051 1093 2091 omnis
1114 2051 1200 2092 avis
1220 2052 1445 2092 immundae
1469 2055 1512 2092 et
1533 2053 1787 2093 exosae.''—

292 2114 426 2167 Quod
449 2113 672 2167 significet
700 2113 776 2154 ubi
798 2127 879 2154 non
903 2113 995 2153 nisi
1012 2128 1144 2166 quam
1155 2113 1291 2166 falsa
1316 2114 1646 2168 exfalsfficatz's
1668 2115 1787 2155 veris

302 2177 445 2226 Verbi,
475 2183 657 2218 constat
689 2191 748 2217 ex
781 2176 1108 2230 significatione
1137 2177 1450 2225 “custodiae,”
1473 2178 1592 2231 quod
1625 2179 1681 2218 sit
1714 2178 1785 2218 ubi

291 2246 412 2284 sunt,
439 2239 504 2279 ita
534 2238 756 2279 infernum
789 2250 838 2285 (ut
858 2258 933 2278 mox
953 2250 1090 2288 supra);
1134 2252 1193 2278 ex
1225 2239 1562 2291 significatione
1596 2238 1785 2278 “omnis

291 2302 385 2341 avis
426 2301 682 2340 immundae
715 2307 760 2340 et
793 2299 1002 2347 exosae,”
1028 2301 1147 2353 quod
1180 2301 1269 2340 sint
1307 2300 1418 2340 falsa
1450 2314 1509 2340 ex
1541 2299 1785 2340 falsificatis

290 2365 405 2404 veris
425 2363 564 2404 Verbi
585 2377 593 2413 ;
618 2376 696 2415 per
716 2367 740 2382 “
754 2362 890 2403 aves'’
908 2364 1026 2403 enim
1049 2362 1358 2415 significantur
1376 2363 1628 2411 rationalia,
1648 2363 1783 2403 intel-

291 2425 511 2474 lectualia,
541 2427 856 2479 cogitationes,
885 2426 1026 2474 ideae,
1051 2427 1296 2473 ratiocinia,
1322 2427 1384 2466 ita
1410 2440 1515 2466 vera
1546 2433 1622 2467 aut
1653 2425 1779 2474 falsa,

291 2497 336 2531 et
370 2503 447 2543 per
482 2489 830 2529 “immundum’'
862 2489 1128 2542 intelligitur
1159 2489 1278 2542 quod
1319 2503 1376 2529 ex
1415 2502 1566 2529 amore
1604 2503 1779 2542 spurco,

291 2566 341 2593 ac
370 2553 583 2606 imprimis
615 2566 673 2592 ex
706 2565 857 2592 amore
891 2552 1165 2600 dominandi,
1195 2551 1387 2604 profluit,
1415 2551 1501 2592 hoc
1529 2553 1647 2592 enim
1679 2552 1783 2593 facit

291 2615 571 2655 immundum
597 2615 639 2655 in
673 2615 869 2664 inferno;
903 2621 949 2655 et
976 2628 1053 2667 per
1083 2614 1341 2655 “exosum’'
1365 2614 1639 2667 significatur
1665 2615 1783 2668 quod

289 2693 349 2719 ex
377 2679 594 2731 principio
625 2677 736 2718 falso
763 2678 964 2726 scaturit,
990 2679 1052 2718 ita
1083 2692 1141 2718 ex
1169 2677 1379 2730 religioso
1412 2677 1678 2718 confirmato
1705 2691 1783 2730 per

290 2754 472 2793 sensum
505 2741 682 2781 litterae
716 2740 855 2780 Verbi
888 2740 1183 2780 falsificatum.
1247 2740 1380 2792 Quod
1415 2740 1588 2781 “aves'’
1614 2739 1782 2793 signifi-

290 2810 395 2844 cent
433 2803 541 2843 talia
572 2817 683 2856 quae
716 2810 819 2843 sunt
852 2803 1142 2855 cogitationis
1174 2803 1379 2852 hominis,
1409 2810 1502 2843 tam
1539 2804 1784 2857 spiritualia

290 2880 423 2920 quam
455 2866 698 2914 infernalia,
726 2866 789 2906 ita
820 2872 914 2906 tam
947 2879 1050 2905 vera
1082 2879 1214 2918 quarn
1248 2866 1372 2914 falsa,
1397 2879 1501 2906 nam
1534 2866 1645 2907 haec
1677 2873 1782 2907 sunt

290 2929 594 2982 cogitationis,
629 2935 697 2969 est
734 2943 792 2969 ex
832 2928 1258 2980 correspondentia;
1301 2928 1420 2982 quod
1453 2929 1509 2970 sit
1541 2942 1599 2984 ex
1632 2942 1780 2969 corre·
