1962 3328
552 292 660 324 CAP.
683 292 800 332 xvl„
822 290 963 324 VERs.
989 290 1160 333 14—N.
1187 291 1306 323 1002.
1496 268 1500 270 ἡ
1558 290 1667 334 2575

262 412 431 444 1001.
469 413 576 451 [Vm.
590 413 653 452 14]
691 403 824 443 “Sunt
855 401 960 443 onim
996 401 1164 455 spiritus
1199 400 1673 453 daemonum.”—Quod

185 467 410 520 significet
428 467 563 519 falsa
582 467 815 507 ratiocinia
838 481 895 507 ex
922 467 1109 518 inferno,
1136 472 1322 507 constat
1353 480 1412 506 ex
1444 465 1672 518 significa-

185 530 312 570 tione
337 531 612 583 “spirituum
644 530 976 570 immundorum
1007 529 1216 569 similium
1242 528 1402 577 ranis,”
1426 529 1548 582 quod
1580 529 1672 568 sint

184 591 560 631 ratiocinationes
589 604 650 631 ex
679 591 816 630 meris
844 590 969 630 falsis
998 596 1160 630 contra
1192 589 1358 630 Divina
1386 603 1495 630 vera
1533 599 1589 638 (de
1610 608 1676 636 qua

185 670 263 692 mox
278 671 431 701 supra‚u.
452 657 602 703 1000);
637 659 685 693 et
714 666 775 693 ex
803 651 1138 704 significatione
1167 651 1524 699 “daemonum,'’
1550 651 1674 704 quod

168 716 276 757 ,sint
310 730 425 770 quae
465 730 524 756 ex
566 716 765 766 inferno;
807 709 871 756 illi
907 717 1026 756 enim
1062 716 1106 756 in
1143 716 1316 756 inferno
1355 714 1674 756 “daemones”

184 786 419 827 vocantur,
446 779 519 832 qui
547 780 591 819 in
618 779 868 838 cupiditate
891 778 1159 819 falsificandi
1184 793 1291 820 vera
1321 785 1444 826 sunt,
1470 778 1591 832 quod
1622 778 1673 818 fit

184 841 401 894 imprimis
421 855 500 895 per
521 843 782 892 ratiocinia;
809 842 914 882 inde
935 855 1015 894 per
1039 842 1325 882 “daemones
1336 841 1358 856 ’⁹
1378 849 1426 883 et
1450 842 1674 882 “daemo-

186 903 290 945 nia''
310 905 362 944 in'
380 918 515 945 sensu
540 903 772 945 abstracto
793 903 1105 957 significantur
1126 905 1400 957 cupiditates
1425 911 1473 945 et
1497 904 1674 944 salsita-

184 972 272 1016 tes,
297 973 348 1007 ut
373 974 585 1008 constare
610 973 765 1020 potest
791 981 851 1008 ex
878 967 989 1007 locis
1014 968 1060 1007 in
1082 966 1239 1007 Verbo
1264 967 1339 1007 ubi
1364 967 1656 1007 nominantur

249 1061 315 1102 (Ut
328 1061 437 1094 Lavit.
454 1062 536 1094 xvii.
552 1070 592 1101 7:
613 1063 735 1094 Deutr.
747 1062 854 1094 xxxii.
871 1070 932 1101 17:
953 1062 1051 1094 Emi.
1066 1061 1138 1093 xiii.
1153 1070 1193 1092 21
1208 1071 1216 1099 ;
1239 1071 1315 1102 cap.
1327 1062 1446 1093 xxxiv.
1462 1070 1522 1100 14:
1542 1061 1674 1092 Psalm.

358 1107 424 1137 cvi.
439 1114 499 1145 37:
520 1107 649 1137 Alauh.
663 1107 707 1137 iv.
722 1114 783 1145 24;
807 1116 883 1146 cap.
899 1106 969 1136 viii.
985 1103 1071 1143 [¹¹16,
1086 1106 1138 1142 28,
1152 1113 1192 1144 31
1208 1115 1215 1142 ;
1240 1115 1315 1145 cap.
1332 1106 1378 1137 ix.
1394 1113 1447 1143 32,
1462 1113 1503 1144 33
1517 1115 1525 1142 ;
1548 1115 1623 1146 cap.
1639 1115 1674 1136 x.

358 1150 398 1186 8:
424 1159 499 1190 cap.
519 1150 577 1180 xii.
598 1157 660 1186 22:
687 1159 761 1189 cap.
779 1159 836 1180 xv.
856 1157 919 1181 22:
948 1149 1062 1180 stlat-c.
1078 1149 1099 1180 i.
1120 1146 1207 1187 (²132,
1225 1157 1277 1187 34„
1298 1157 1361 1189 39:
1389 1149 1474 1179 Luc.
1493 1149 1538 1180 iv.
1556 1149 1673 1187 33—38,

356 1201 397 1230 41
412 1203 420 1230 ;
450 1203 524 1233 oep.
538 1193 608 1224 viii.
626 1201 656 1230 2,
674 1193 804 1231 26—4o;
834 1203 909 1233 cap.
926 1193 972 1224 ix.
986 1190 1052 1231 1³¹1,
1069 1200 1187 1231 37-42,
1204 1201 1270 1233 49;
1301 1202 1377 1232 cap.
1394 1192 1465 1223 xiii.
1482 1200 1542 1231 32:
1573 1194 1674 1234 Apoc.

357 1237 402 1268 ix.
420 1244 482 1274 2ο;
505 1246 580 1276 cap.
596 1237 692 1267 xviii.
710 1238 753 1275 2).

183 1329 650 1356 (αωρςικωρηαιρω.)
906 1358 911 1359 ⁷

257 1367 315 1402 Ex
331 1377 466 1402 amore
476 1366 689 1412 conjugiali
707 1373 768 1401 est
785 1366 916 1401 omnis
935 1366 1191 1411 pulchritudo
1208 1366 1369 1412 angelis,
1384 1366 1437 1401 ita
1456 1367 1673 1402 secundum

185 1413 295 1448 illum
311 1413 454 1459 cuique
470 1414 635 1459 angelo:
659 1424 799 1448 omnes
816 1413 922 1448 enim
939 1414 1070 1459 angeli
1090 1421 1183 1448 sunt
1200 1413 1350 1448 formae
1370 1425 1529 1448 suarum
1555 1414 1675 1449 affec-

184 1460 351 1507 tionum,
376 1471 425 1494 ex
453 1471 571 1494 causa
595 1461 688 1506 quia
718 1460 757 1494 in
782 1461 893 1495 caelo
919 1471 999 1495 non
1026 1460 1119 1495 licet
1145 1460 1302 1495 mentiri
1336 1460 1436 1495 facie
1461 1471 1563 1505 quae
1593 1472 1673 1496 non

182 1505 404 1542 affectionis
426 1507 513 1552 ejus
538 1514 640 1547 sunt,
661 1518 783 1552 quare
808 1507 927 1542 facies
955 1507 1109 1542 illorum
1125 1515 1186 1542 est
1210 1514 1329 1553 typus
1345 1508 1466 1541 animi
1494 1508 1673 1547 illorum:

183 1554 279 1588 dum
304 1554 436 1599 itaque
466 1554 542 1588 illis
571 1561 632 1588 est
660 1565 772 1588 amor
795 1554 1041 1600 conjugialis,
1067 1562 1129 1589 est
1153 1565 1266 1589 amor
1290 1555 1330 1588 in
1358 1554 1585 1594 Dominum,
1612 1563 1673 1590 est

183 1611 297 1636 amor
314 1608 486 1640 mutuus,
507 1607 567 1635 est
591 1612 704 1636 amor
722 1601 817 1635 boni
843 1609 885 1635 et
908 1612 1021 1635 amor
1037 1602 1131 1641 veri,
1152 1608 1212 1636 est
1236 1612 1351 1636 amor
1369 1601 1606 1646 sapientiae:
1630 1602 1673 1636 hi

182 1657 338 1682 amores
353 1648 458 1692 apud
485 1648 573 1682 illos
593 1647 713 1682 faci&
739 1648 895 1682 illorum
921 1647 1104 1687 formant,
1122 1650 1166 1683 et‘
1189 1649 1347 1683 sesicut
1373 1649 1484 1694 ignes
1499 1649 1606 1684 vitae
1633 1649 1672 1683 in

183 1694 309 1729 oculis
321 1705 458 1729 eorum
476 1694 633 1733 sistunt,
649 1695 792 1740 quibus
809 1705 851 1729 se
870 1695 1029 1739 insuper
1039 1696 1151 1729 addit
1170 1695 1396 1730 innocentia
1413 1703 1454 1730 et
1471 1706 1557 1740 pax,
1571 1706 1673 1741 quae

66 1734 78 1744 ²
130 1774 133 1775 γ
184 1741 518 1786 pulchritudinem
538 1741 693 1776 illorum
710 1742 925 1786 complent.
974 1741 1090 1776 Tales
1107 1742 1256 1777 formae
1274 1749 1368 1777 sunt
1385 1742 1535 1777 formae
1552 1754 1672 1788 ange-

182 1787 249 1823 lici
267 1787 396 1822 intimi
412 1788 520 1828 caeli,
538 1798 585 1822 ac
604 1795 698 1823 sunt
714 1788 865 1823 formae
878 1799 970 1823 vere
988 1789 1196 1824 humanae.

249 1914 419 1947 1:202.
450 1906 697 1947 “facientes
715 1906 1069 1960 siyna.”—Quod
1101 1906 1328 1959 significet
1347 1907 1673 1959 persuadentia

174 1975 263 2023 per
266 1969 485 2022 fallacias
504 1977 547 2010 et
566 1971 819 2022 sopln'stica,
839 1978 1023 2011 constat
1046 1985 1105 2011 ex
1129 1971 1460 2024 significatione
1480 1975 1505 1991 ‘⁴
1518 1972 1672 2024 signo-

182 2031 319 2080 rum,”
329 2033 450 2085 quod
468 2034 558 2073 sint
576 2033 923 2074 testificationes
940 2040 987 2074 et
1006 2034 1334 2086 persuasiones,
1351 2041 1398 2074 et
1417 2035 1479 2074 sic
1493 2047 1671 2087 quoque

182 2092 552 2133 confirmationes
578 2105 634 2141 (de
651 2114 717 2141 qua
736 2105 872 2142 [supra],
892 2114 924 2134 n.
935 2094 1066 2146 1⁴¹706,
1087 2095 1185 2145 824)
1203 2109 1213 2144 ;
1255 2094 1326 2134 hic
1352 2096 1670 2147 persuasiones

79 2145 92 2206 ’ᾗ
123 2153 130 2161 ”
181 2170 262 2210 per
281 2157 480 2197 fallacias
502 2164 548 2198 et
571 2158 834 2211 sophistica,
859 2172 964 2198 nam
987 2159 1136 2211 agitur
1153 2159 1209 2199 de
1231 2159 1318 2199 illis
1340 2160 1413 2212 qui
1435 2173 1513 2211 per
1529 2160 1668 2200 ratio-

85 2224 96 2255 ζ
139 2240 147 2247 -
182 2220 300 2260 cinia
329 2219 599 2261 confirmant
629 2220 763 2261 fidem
795 2228 1054 2274 separatam
1086 2235 1112 2261 a
1137 2222 1258 2271 vita;
1300 2228 1347 2262 et
1373 2223 1475 2274 quia
1505 2221 1592 2262 hoc
1618 2221 1669 2262 fit

182 2296 262 2336 per
277 2282 476 2323 fallacias
498 2290 544 2323 et
567 2283 828 2336 sophistica,
845 2298 924 2336 per
940 2298 1054 2336 quae
1076 2284 1302 2337 simplices
1325 2285 1667 2337 persuadentur,
1707 2279 1719 2289 ”

133 2363 135 2365 ·
181 2345 286 2386 ideo
319 2359 399 2399 per
431 2345 685 2386 “facientes
715 2346 877 2399 signa’‘
907 2346 979 2387 hic
1012 2347 1323 2399 significantur
1353 2348 1668 2400 persuasiones

182 2414 231 2449 et
252 2407 618 2449 confirmationes
639 2423 718 2462 per
738 2409 939 2449 fallacias
963 2416 1009 2450 et
1035 2410 1307 2463 sophistica:
1341 2410 1461 2463 quod
1485 2423 1668 2463 persua-

182 2471 332 2511 siones
349 2469 458 2512 fiant
481 2485 559 2524 per
575 2472 790 2520 fallacias,
810 2486 942 2525 supra
959 2480 1192 2513 ostensum
1210 2479 1294 2520 est,
1315 2473 1387 2512 ubi
1409 2473 1465 2512 de
1486 2477 1510 2492 ‘¹
1523 2472 1670 2513 bestia

182 2533 460 2574 ascendente
482 2547 540 2574 ex
563 2535 672 2574 mari
687 2534 707 2549 '³
731 2533 848 2588 (cap.
873 2536 964 2574 xiii.
994 2534 1117 2587 1-13)
1142 2533 1292 2575 aetum
1314 2542 1411 2584 est;
1444 2549 1523 2588 per
1544 2535 1668 2576 illam

79 2587 81 2591 Α
115 2606 121 2612 ·
183 2596 322 2636 etiam
357 2596 638 2649 significatae
676 2604 780 2638 sunt
817 2597 1185 2638 confirmationes
1222 2612 1301 2650 per
1335 2599 1571 2638 ratiocinia
1607 2612 1667 2639 ex

182 2657 376 2698 naturali
412 2658 607 2699 homine.
681 2658 815 2711 Quod
851 2659 960 2700 talia
997 2659 1307 2712 significentur
1341 2674 1419 2713 per
1457 2661 1668 2713 “signa,”

183 2726 254 2761 est
280 2722 382 2774 quia
407 2723 621 2774 sequitur,
650 2723 747 2762 “ad
772 2722 1028 2763 abeundum
1054 2723 1111 2762 ad
1137 2736 1268 2775 reges
1294 2729 1441 2764 terrae
1467 2730 1514 2764 et
1546 2723 1666 2763 orbis

184 2784 338 2832 totius,
358 2784 414 2824 ad
438 2785 807 2837 congregandum
829 2784 931 2825 illos
953 2786 997 2825 in
1020 2785 1276 2838 proelium,’'
1294 2799 1372 2838 per
1388 2799 1503 2839 quae
1525 2786 1666 2838 signi-

184 2844 342 2886 ficatur
376 2846 434 2886 ad
465 2847 760 2888 excitandum
791 2847 977 2888 discidia
1009 2853 1055 2888 et
1087 2860 1263 2900 pugnas
1294 2854 1454 2888 contra
1483 2861 1590 2889 vera
1620 2849 1665 2888 in

84 2900 95 2965 ἰ
117 2923 122 2926 ·
184 2908 390 2949 universa
415 2909 620 2950 ecclesia.
