1962 3328
610 285 716 331 CAP,
738 285 895 326 xvm.,
915 258 1054 318 vens.
1076 283 1221 328 3.-Ν,
1247 285 1366 328 1103.
1616 282 1729 327 2709

328 387 588 436 “Emeum
602 397 797 432 amma,

332 444 855 484 Quodcolannsmanbu
874 443 1119 478 Trinitatem&
1136 442 1374 473 mauram-in
1393 441 1547 475 Unitatet

326 491 669 530 hequem-miscendo
681 492 847 526 Personas,
861 490 1147 529 neqneseparando
1160 488 1385 519 Euatian:''

247 574 290 604 et
378 575 454 610 tea,

305 579 612 675 ιῒωρωηωιη
611 658 695 670 .....
705 635 922 674 quodUnitas
940 635 976 664 in
996 635 1216 670 Trinitatemc
1234 634 1427 664 Trinitas&
1446 632 1729 668 Unitate,colenda

445 682 520 714 stef

250 773 360 810 Haec
379 773 485 809 dicta
503 781 597 809 sunt
616 780 662 808 nt
681 780 933 808 removeatur
952 773 1040 808 idea
1063 772 1184 807 trium
1206 772 1404 812 Deorum:
1428 772 1498 808 sed
1524 771 1621 806 haec
1646 782 1725 806 non

246 821 395 856 eadunt
415 821 455 855 in
476 819 719 855 intellectum
739 820 855 854 aliter
870 830 988 865 quam
1010 820 1118 864 quod
1138 826 1219 854 tres
1238 819 1434 854 Personae
1450 819 1541 858 sint,
1559 818 1629 853 sed
1647 829 1727 853 una

229 862 393 902 'Divina
408 867 577 902 essentia
592 867 798 902 omnibus:
823 866 878 900 ita
899 877 968 911 per
986 866 1170 901 Divinam
1187 866 1396 901 essentiam
1419 865 1472 900 ibi
1494 865 1727 911 intelligitur

247 913 374 955 Deus;
398 925 488 949 cum
506 920 638 949 tamen
655 913 836 952 essentia,
853 913 957 948 sicut
973 913 1094 947 etiam
1110 913 1307 952 divinitas,
1325 914 1510 958 majestas
1530 919 1571 947 et
1589 912 1725 958 gloria,

244 971 347 1006 quae
370 961 489 996 etiam
514 961 712 1000 dicuntur,
737 967 798 995 est
822 959 1102 1005 praedicatum,
1122 970 1168 994 ac
1194 959 1312 999 Deus,
1365 960 1431 994 uia
1456 958 1640 998 Persona,
1665 965 1726 993 est

246 1007 492 1053 subjectum:
515 1018 637 1052 quare
662 1007 791 1041 dicere
816 1007 924 1052 quod
949 1007 1120 1041 essentia
1139 1006 1191 1041 sit
1210 1006 1330 1046 Deus,
1363 1012 1450 1041 oret
1470 1006 1574 1041 sicut
1595 1005 1726 1040 dicere

246 1055 352 1100 quod
372 1054 639 1100 praedicatum
658 1054 710 1088 sit
726 1053 967 1098 subjectum:
992 1064 1082 1087 cum
1100 1060 1233 1088 tamen
1250 1053 1421 1088 essentia
1441 1063 1521 1087 non
1538 1059 1599 1087 est
1617 1051 1726 1087 Deus

245 1101 317 1136 sed
336 1107 397 1136 oet
418 1101 503 1140 Dei,
523 1107 569 1135 ut
588 1111 748 1146 quoque
769 1100 954 1145 majestas
974 1107 1015 1134 et
1034 1100 1160 1145 gloria
1180 1111 1261 1134 non
1281 1106 1376 1134 sunt
1401 1099 1520 1139 Deus,
1541 1099 1611 1134 sed
1630 1105 1726 1134 sunt

246 1146 332 1187 Dei,
353 1148 457 1183 sicut
477 1147 746 1193 praedicatum
771 1158 852 1182 non
877 1153 938 1181 est
966 1146 1187 1191 subjeetum
1213 1147 1283 1181 sed
1309 1153 1370 1181 est
1397 1145 1578 1191 subjecti.
1628 1145 1726 1181 Inde

246 1201 357 1239 patet
369 1195 477 1239 quod
499 1194 725 1229 idea-trium
746 1193 919 1228 Deorum
940 1200 986 1227 ut
1005 1193 1126 1227 trium
1147 1193 1408 1228 Personarum
1427 1204 1507 1227 non
1525 1203 1725 1228 removea-

246 1247 323 1276 tur.
373 1240 463 1276 Hoc
489 1241 674 1275 illustrari
704 1247 836 1286 potest
860 1251 930 1286 per
954 1240 1301 1285 comparationem.
1350 1239 1440 1274 Sint
1467 1246 1549 1274 tres
1578 1239 1617 1274 in
1644 1250 1725 1274 uno

245 1298 368 1333 regno
379 1287 552 1333 aequalis
570 1287 788 1332 potestatis,
803 1294 843 1322 et
859 1287 1026 1332 quisque
1043 1287 1271 1322 nominetur
1280 1297 1368 1326 rex:
1389 1293 1486 1321 tunc
1502 1286 1534 1321 si
1549 1292 1725 1331 potestas

244 1340 286 1369 et
302 1334 486 1379 majestas
500 1334 734 1380 intelligitur
746 1344 816 1379 per
825 1344 967 1379 regem,
982 1340 1148 1378 possunt
1164 1344 1213 1368 ex
1230 1334 1419 1368 mandato
1434 1333 1566 1368 vocari
1583 1344 1631 1368 ac
1646 1333 1723 1368 dici

246 1391 324 1421 rex,
343 1388 385 1415 at
405 1391 485 1415 non
510 1380 623 1415 facile
643 1392 745 1415 unus
766 1391 854 1420 rex;
878 1380 947 1415 sed
972 1380 1067 1425 quia
1091 1391 1259 1425 persona
1282 1387 1343 1415 est
1367 1391 1467 1425 quae
1493 1379 1727 1426 intelligitur

244 1437 315 1472 per
333 1438 474 1473 regem,
496 1438 575 1462 non
594 1434 726 1472 potest
748 1437 798 1461 ex
819 1427 1006 1462 mandato
1031 1427 1081 1461 de
1105 1427 1232 1462 tribus
1253 1427 1410 1472 regibus
1435 1427 1601 1473 cogitari
1621 1438 1725 1462 unus

246 1484 333 1508 rex:
356 1485 478 1519 quare
502 1474 533 1508 si
552 1474 723 1508 dixerint
742 1474 827 1514 tibi,
847 1474 1024 1519 Loquere
1044 1474 1094 1508 ad
1109 1484 1182 1508 nos
1206 1474 1263 1508 ita
1285 1474 1408 1508 libere
1432 1474 1536 1508 sicut
1560 1474 1722 1519 cogitas,

243 1520 408 1555 omnino
424 1521 606 1566 loqueris,
621 1520 704 1555 Vos
720 1520 857 1566 Reges,
870 1520 992 1555 immo
1003 1521 1123 1555 etiam
1137 1520 1221 1555 Vos
1240 1520 1492 1566 Majestates;
1512 1521 1544 1555 si
1563 1531 1725 1566 respon-

244 1567 359 1608 deris,
377 1567 521 1613 Cogito
545 1568 648 1602 sicut
672 1567 815 1612 loquor
838 1578 887 1602 ex
911 1568 1110 1607 mandato,
1135 1567 1247 1607 fallis,
1268 1567 1362 1613 quia
1384 1568 1447 1602 vel
1476 1568 1637 1602 simulas
1660 1568 1723 1603 vel

243 1614 353 1660 cogis
380 1620 441 1653 te:
465 1614 497 1649 si
518 1625 540 1648 c
596 1614 627 1649 's
646 1621 697 1653 te,
718 1614 909 1659 cogitatio
937 1621 1007 1648 tua
1030 1625 1111 1648 non
1138 1614 1212 1649 sibi
1238 1615 1374 1649 relicta
1402 1621 1472 1654 est,
1494 1615 1563 1649 sed
1590 1614 1724 1649 inhae-

244 1668 305 1696 ret
324 1661 514 1706 loquelae.
541 1625 681 1706 O{laod
703 1661 759 1695 ita
777 1661 839 1700 sit,
857 1660 958 1695 vidit
978 1661 1097 1696 etiam
1118 1661 1381 1702 Athanasius:
1410 1672 1533 1707 quare
1553 1661 1724 1707 explicat

244 1707 312 1742 illa
325 1707 446 1742 verba
462 1718 531 1752 per
547 1707 665 1742 haec:

323 1795 354 1823 ⁸⁶.
364 1815 374 1823 .
382 1792 475 1822 Sicut
485 1802 526 1821 ex
543 1793 727 1821 Otr-istiana
741 1793 875 1822 veritate
887 1793 1022 1832 obligati
1038 1802 1148 1822 sumus
1159 1803 1327 1833 agnoscere
1339 1803 1594 1832 unamquamqu
1612 1795 1725 1824 Perso-

442 1848 517 1868 nam
524 1843 588 1877 per
600 1840 641 1868 Se
653 1849 716 1868 esse
729 1839 835 1868 Deum
847 1849 887 1868 ac
901 1840 1086 1874 Dominum,
1476 1839 1480 1846 “

329 1885 434 1924 Usque
446 1895 508 1915 non
514 1891 683 1925 possumus
694 1896 736 1915 cx
747 1887 930 1918 Christiana
932 1887 1005 1924 fide
1017 1887 1182 1916 mixture
1194 1890 1259 1916 tres
1272 1888 1359 1917 Deos
1371 1891 1403 1917 et
1414 1891 1479 1917 tres
1496 1887 1680 1920 Dominos.''

245 1974 336 2010 Hoc
352 1985 432 2010 non
449 1975 563 2010 aliter
575 1981 707 2020 potest
720 1975 887 2021 intelligi
904 1986 1022 2021 quam
1036 1976 1143 2021 quod
1161 1976 1278 2011 liceat
1294 1988 1507 2023 agnoscere
1520 1985 1601 2013 tres
1616 1977 1723 2013 Deos

242 2029 285 2057 et
302 2021 506 2061 Dominos‚
523 2023 592 2056 sed
611 2032 691 2056 non
709 2022 931 2062 nominare;
957 2034 1026 2057 seu
1043 2023 1151 2068 quod
1176 2023 1293 2058 liceat
1317 2025 1491 2070 cogitare
1508 2032 1589 2059 tres
1616 2025 1723 2060 Deos

243 2075 285 2103 et
318 2067 523 2107 Dominos‚
548 2068 618 2103 sed
644 2079 725 2103 non
750 2069 889 2108 dicere,
916 2069 1009 2116 quia
1035 2077 1097 2104 est
1121 2078 1261 2105 contra
1288 2070 1553 2106 Christianam
1583 2071 1723 2107 fidem:

243 2115 424 2150 similiter
445 2115 553 2164 quod
578 2115 694 2149 liceat
721 2126 932 2160 agnoscere
957 2123 998 2150 et
1022 2117 1196 2162 cogitare
1220 2124 1301 2152 tres
1322 2117 1508 2157 infinitos,
1527 2126 1720 2158 aeternos,

245 2161 449 2201 incrmtos,
466 2161 771 2206 omnipotentes,
792 2163 885 2206 quia
908 2170 1001 2198 sunt
1025 2170 1105 2198 tres
1128 2163 1335 2203 Personae,
1355 2172 1397 2198 at
1417 2175 1496 2199 non
1518 2165 1722 2200 nominare

242 2214 324 2243 tres
341 2207 527 2248 infinitos,
541 2215 732 2247 aeternos.
751 2209 945 2244 increatos
962 2216 1002 2244 et
1014 2210 1318 2255 omnipotentes,
1332 2211 1400 2246 sed
1420 2222 1554 2246 unum.
1604 2211 1721 2258 Quod

243 2254 485 2289 Athanasius
512 2255 630 2289 allata
656 2255 778 2290 verba
809 2256 1005 2290 addiderit
1034 2257 1204 2302 reliquis,
1237 2264 1298 2292 est
1330 2258 1423 2302 quia
1449 2259 1579 2293 nullus
1608 2259 1723 2294 aliter

245 2308 377 2346 potest
396 2301 580 2347 cogitare,
598 2312 648 2336 ne
668 2302 828 2347 quidem
851 2302 952 2347 ipse;
977 2303 1045 2337 sed
1067 2304 1233 2349 quisque
1254 2312 1386 2349 potest
1406 2305 1520 2339 aliter
1540 2305 1660 2350 loqui,
1681 2314 1722 2340 et

243 2348 351 2393 quod
376 2348 540 2382 omnino
566 2348 620 2382 ita
644 2348 885 2394 loquendum
911 2349 973 2387 sit,
991 2349 1084 2394 quia
1108 2361 1156 2385 ex
1182 2349 1407 2385 Christiana
1427 2350 1632 2397 Religione
1649 2360 1720 2391 est,

244 2394 322 2429 hoc
348 2401 419 2433 est,
448 2405 497 2429 ex
521 2394 664 2433 Verbo.
690 2395 796 2440 quod
823 2405 902 2430 non
931 2403 1012 2430 tres
1042 2395 1107 2430 Dii
1131 2397 1221 2435 sint,
1239 2397 1308 2431 sed
1334 2398 1442 2442 quod
1472 2409 1574 2433 unus
1603 2398 1721 2434 Deus.

246 2440 453 2476 Praeterea
470 2442 698 2486 proprietas,
712 2452 812 2486 quae
829 2443 954 2477 cuivis
973 2442 1169 2478 Personae
1186 2444 1380 2488 adjicitur,
1395 2452 1436 2478 et
1453 2445 1538 2490 ejus
1555 2446 1721 2480 attribu·

243 2494 329 2522 tum
346 2487 524 2532 speciale,
538 2488 640 2522 sicut
653 2488 802 2522 creatio
821 2488 938 2528 Patri,
954 2490 1174 2534 redemptio
1194 2489 1304 2529 Filio.
1318 2498 1358 2525 et
1377 2491 1586 2527 illustratio
1600 2491 1720 2538 Spiri-

242 2533 301 2568 tui
314 2532 470 2573 Sanfto,
482 2544 562 2568 non
575 2534 629 2568 ita
638 2535 835 2579 apud-tres
848 2535 1040 2570 Personas
1053 2544 1113 2571 est
1124 2547 1202 2571 una
1213 2538 1361 2576 eadem,
1374 2545 1414 2572 et
1425 2545 1557 2573 tamen
1573 2539 1722 2574 intrant

245 2579 428 2615 Divinam
442 2581 651 2615 essentiam
665 2593 673 2619 ;
695 2592 784 2616 nam
798 2582 944 2616 creatio
957 2590 1018 2617 est
1033 2583 1186 2622 Divina,
1201 2584 1422 2629 redemptio
1434 2592 1495 2620 est
1510 2585 1662 2625 Divina,
1675 2597 1721 2621 ac

244 2626 453 2662 illustratio
469 2634 528 2662 oet
550 2627 703 2662 Divina.
755 2627 920 2673 Insuper
935 2629 1023 2674 quis
1043 2630 1250 2664 hominum
1270 2630 1419 2676 cogitat
1436 2633 1544 2677 quod
1563 2633 1721 2667 “Trini—

242 2679 304 2708 tas
322 2673 361 2708 in
380 2672 543 2708 Unitate
560 2683 599 2710 ac
625 2673 767 2709 Unitas
788 2675 827 2709 in
844 2675 1038 2710 Trinitate
1063 2677 1231 2711 colenda
1248 2677 1310 2716 sit,
1328 2688 1408 2712 non
1426 2679 1720 2715 commiscendo

243 2729 439 2764 personas,
462 2730 534 2754 nec
554 2721 772 2765 separando
792 2722 1037 2761 essentiam,’'
1057 2723 1124 2768 qui
1146 2724 1231 2757 vult
1252 2723 1379 2758 ideam
1401 2725 1520 2759 trium
1543 2725 1718 2760 Deorum

242 2773 471 2801 convertere
490 2766 527 2800 in
547 2767 674 2801 ideam
688 2768 803 2802 unius
823 2767 924 2803 Dei?
965 2768 1064 2814 Quis
1082 2770 1157 2803 hoc
1175 2776 1307 2814 potest
1324 2781 1394 2815 per
1407 2773 1718 2817 metaphvsicum

242 2812 349 2857 quod
367 2813 611 2847 transcendit
627 2813 812 2858 captum?
854 2814 1059 2859 Simplices
1077 2816 1152 2850 hoc
1171 2827 1329 2861 prorsus
1347 2810 1580 2863 nequeunt.‘
1602 2816 1718 2854 Dofti

242 2865 374 2893 autem
393 2867 634 2903 percurrunt,
654 2860 829 2895 dicentes
846 2872 990 2900 secum,
1012 2861 1101 2896 Hoc
1117 2870 1178 2897 est
1195 2862 1374 2898 doflrina
1390 2875 1436 2899 ac
1454 2864 1551 2900 fides
1569 2877 1656 2901 mea
1669 2867 1719 2901 de

245 2902 349 2946 Deo;
374 2915 446 2940 nec
463 2905 555 2941 inde
573 2906 743 2942 retinent
755 2907 861 2942 aliud
884 2908 923 2942 in
941 2909 1194 2944 memoria'ex
1212 2909 1299 2945 idea
1315 2911 1490 2952 obscura,
1504 2920 1545 2947 et
1567 2913 1658 2948 inde
1680 2913 1717 2948 in
