1962 3328
606 290 713 323 CAP.
735 290 851 331 xvl„
874 290 1011 322 VERS.
1033 290 1180 334 7.-Ν,
1201 283 1298 334 978.
1582 290 1697 334 2547

204 410 280 444 tos,
293 403 387 450 quia
401 410 541 438 contra
556 402 684 449 legem
703 401 887 436 Divinam
905 398 956 436 de
972 401 1079 436 furto
1096 409 1200 442 sunt,
1214 402 1270 436 illi
1287 401 1518 447 religionem
1536 401 1697 442 habent,

199 450 373 496 proinde
385 450 505 484 etiam
518 450 812 489 conscientiam,
826 460 873 484 ac
889 459 1011 494 opera
1022 460 1125 494 quae
1141 449 1291 483 faciunt
1308 455 1402 483 sunt
1418 447 1554 483 omnia
1570 449 1697 488 bona:

205 507 297 532 nam
314 497 465 532 faciunt
481 507 530 531 ex
545 496 771 531 sinceritate
789 503 951 541 propter
966 495 1083 535 illam,
1098 502 1139 530 et
1155 507 1205 531 ex
1219 495 1375 541 justitia
1391 502 1553 540 propter
1570 495 1698 535 illam:

205 550 247 579 et
262 551 465 589 praeterea
480 550 574 578 sunt
590 543 768 578 contenti
784 543 877 583 suis,
895 542 1039 578 hilares
1055 543 1191 577 animo
1206 554 1254 577 ac
1278 542 1371 577 laeti
1394 543 1514 577 corde
1539 542 1699 587 quoties

204 590 368 626 obvenit
383 590 492 636 quod
517 601 598 624 non
623 589 964 624 defraudaverint:
991 597 1033 624 et
1056 597 1149 635 post
1173 596 1342 624 mortem
1367 589 1519 635 angelis
1543 588 1697 633 accepti

205 643 309 677 sunt,
326 648 373 672 ac
398 636 640 682 recipiuntur
659 637 709 671 ab
734 636 810 671 illis
834 643 879 671 ut
904 636 1054 676 fratres,
1072 644 1112 671 et
1138 637 1338 671 donantur
1362 635 1477 670 bonis
1501 646 1627 680 usque
1652 642 1699 669 ut

204 684 419 719 abundent.
468 683 651 719 Vicissim
676 691 810 718 autern
835 683 1176 718 administratores
1201 683 1314 722 mali:
1344 683 1385 717 hi
1410 690 1502 728 post
1527 689 1698 716 mortem

204 730 417 776 ejiciuntur
431 730 698 769 societatibus,
715 738 757 765 et
773 730 865 765 dein
882 730 1026 775 stipem
1042 737 1249 774 quaerunt,
1266 737 1308 765 et
1323 731 1487 764 tandem
1506 729 1545 763 in
1562 739 1699 764 caver-

204 787 276 813 nas
293 778 537 824 praedonum
554 778 604 812 ad
622 778 882 812 laborandum
900 778 1123 812 mittuntur.

286 901 419 955 978.
449 911 556 949 [Vm.
571 911 617 949 7.]
646 901 727 940 “Et
746 900 883 941 audivi
898 900 1020 940 alium
1042 913 1095 940 οι
1114 900 1245 940 altari
1258 898 1695 951 dicentem.''—Quod

205 962 429 1016 significet
459 962 833 1015 praedicationem
856 962 1069 1016 justitiae
1101 962 1285 1002 Domini
1318 976 1341 1002 e
1375 975 1510 1014 regno
1542 960 1697 1013 Ipsius

202 1025 391 1073 caelesti,
418 1033 600 1066 constat
625 1039 685 1065 ex
710 1024 1041 1077 significatione
1066 1025 1255 1077 “angeli
1286 1039 1345 1065 ex
1376 1024 1549 1072 altari‚”
1575 1023 1698 1077 quod

204 1090 263 1128 sit
284 1101 474 1141 regnum
490 1088 688 1128 caeleste
711 1087 893 1128 Domini
912 1102 921 1137 ;
950 1101 1027 1140 per
1046 1088 1229 1128 “altare
1244 1087 1263 1102 ”
1279 1088 1399 1128 enim
1421 1086 1699 1139 significatur

205 1150 426 1191 Dominus
450 1151 599 1204 quoad
622 1150 833 1190 Divinum
862 1150 1051 1196 Bonum,
1079 1151 1143 1190 ita
1168 1164 1348 1203 quoque
1374 1150 1549 1190 caelum
1575 1149 1697 1203 quod

204 1214 247 1253 in
275 1213 439 1253 Divino
465 1213 592 1253 Bono
614 1220 709 1261 est;
742 1213 826 1253 hoc
854 1213 1043 1259 caelum,
1068 1227 1146 1253 seu
1172 1213 1234 1252 illi
1259 1213 1386 1261 caeli,
1411 1214 1697 1253 constituunt

205 1287 398 1327 regnum
423 1274 623 1314 caeleste
650 1273 848 1313 Domini.
906 1284 1020 1321 (Quod
1036 1282 1193 1312 '‘astare'’
1212 1285 1369 1322 significet
1389 1285 1566 1312 Dominum
1588 1285 1698 1320 quoad

204 1337 357 1367 Divinum
377 1338 504 1366 Bonum
526 1337 686 1375 [videatur
703 1337 826 1375 supraJ,
846 1346 878 1366 n.
896 1338 989 1379 391,
1007 1337 1105 1378 490,
1124 1336 1239 1379 915.)
1298 1326 1434 1379 Quod
1466 1327 1697 1379 “angelus

203 1388 393 1442 loquens
423 1403 495 1430 εκ.
514 1388 645 1428 altari
657 1387 678 1401 ”
702 1387 925 1440 significet
956 1402 1145 1440 regnum
1172 1388 1369 1429 caeleste
1402 1381 1598 1436 Domini,
1626 1397 1697 1429 est

203 1451 418 1504 quiaaeper
443 1448 694 1502 “angelum
723 1449 975 1502 aquarum”
1006 1449 1291 1502 loquentem,
1317 1461 1373 1496 (de
1392 1461 1510 1497 quoin
1531 1469 1623 1489 vessu
1645 1459 1697 1502 5,)

204 1509 483 1562 intelligitur
515 1522 708 1561 regnum
746 1509 982 1561 spirituale
1022 1509 1207 1549 Domini
1246 1520 1302 1557 (de
1320 1529 1387 1557 quo
1405 1529 1511 1557 supra,
1530 1529 1562 1548 n.
1580 1520 1696 1561 971).

205 1569 324 1623 Quia
346 1571 417 1611 hic
448 1570 639 1617 ecaelis
669 1570 953 1623 praedicatur
978 1570 1152 1623 justitia
1184 1571 1379 1619 Domini,
1407 1585 1459 1611 ac
1491 1571 1604 1611 caeli
1635 1586 1697 1611 ex

203 1634 319 1674 binis
347 1634 513 1686 regnis,
540 1646 702 1686 nempe
733 1633 951 1685 spirituali
981 1641 1027 1674 et
1065 1634 1264 1682 caelesti,
1298 1635 1567 1682 consistunt,
1594 1635 1697 1674 ideo

204 1710 264 1737 ex
290 1703 479 1750 utroque
504 1709 646 1749 regno
677 1695 726 1736 fit
758 1697 1048 1748 praedicatio,
1082 1711 1133 1737 ac
1166 1711 1301 1737 unum
1333 1711 1412 1750 per
1445 1698 1695 1750 “angelum

202 1759 458 1817 aquarum,”
482 1765 529 1799 et
554 1758 745 1799 alterum
771 1772 851 1811 per
878 1760 1129 1812 “angelum
1154 1760 1347 1809 altaris‚'’
1372 1761 1653 1814 intelligitur.

202 1856 419 1881 (mdc
429 1855 525 1882 Quinto
534 1856 689 1881 haatpto.)

273 1893 362 1929 Sint
378 1894 498 1928 etiam
517 1894 555 1928 in
573 1894 797 1939 exemplum
816 1893 1289 1930 Mercatores:-—·Illorum
1308 1906 1429 1941 opera
1451 1890 1544 1930 sufit
1561 1897 1697 1932 omnia

202 1941 317 1980 mala,
334 1941 523 1986 quamdiu
542 1951 622 1975 non
647 1941 887 1976 lucrationes
905 1941 1129 1987 illegitimas
1154 1948 1202 1976 et'
1219 1942 1509 1978 faenerationes
1527 1940 1695 1984 illicitas,

196 1998 250 2023 ac
262 1987 419 2022 fraudes
432 1995 473 2022 et
485 1995 605 2027 astus,
619 1998 698 2022 non
713 1986 895 2033 spectant
907 1995 948 2022 et
962 1988 1054 2023 inde
1068 1999 1148 2023 non
1163 1988 1320 2034 fugiunt
1338 1997 1382 2023 ut
1394 1998 1577 2035 peccata:
1602 2001 1695 2025 nam

203 2033 298 2070 talia
322 2045 402 2069 non
428 2041 594 2080 possunt
618 2045 667 2069 ex
694 2034 877 2074 Domino,
899 2035 969 2069 sed
995 2046 1044 2070 ex
1069 2035 1157 2080 ipso
1181 2036 1342 2071 homine
1367 2036 1471 2071 fieri:
1502 2048 1550 2071 ac
1574 2048 1696 2082 opera

203 2081 360 2116 illorum
384 2092 433 2116 eo
459 2082 595 2126 pejora
618 2088 722 2120 sunt,
740 2092 822 2126 quo
845 2082 976 2116 sciunt
1000 2082 1179 2127 captiosa
1203 2084 1253 2117 ab
1279 2083 1435 2118 interno
1452 2084 1632 2119 callidius
1653 2091 1695 2119 et

201 2127 349 2163 vastius
365 2139 613 2173 componere,
631 2135 672 2162 et
696 2129 825 2163 socios
850 2129 1163 2164 circumducere:
1192 2137 1232 2164 et
1257 2141 1378 2174 opera
1402 2131 1532 2165 adhuc
1559 2131 1695 2176 pejora

201 2182 306 2213 sunt,
321 2185 403 2220 quo
427 2174 558 2210 sciunt
573 2175 668 2209 talia
692 2176 766 2209 sub
784 2175 939 2210 fallacia
954 2175 1202 2215 sinceritatis,
1218 2177 1395 2222 justitiae
1412 2185 1453 2211 et
1478 2177 1635 2222 pietatis
1654 2179 1694 2212 in

201 2220 386 2256 effectum
403 2222 631 2266 producere.
683 2222 881 2257 Mercator
896 2233 977 2267 quo
995 2223 1083 2268 plus
1098 2223 1263 2268 jucundi
1289 2223 1326 2257 in
1352 2224 1497 2259 talibus
1516 2225 1693 2269 percipit,

201 2278 251 2303 eo
267 2268 355 2313 plus
371 2268 529 2302 ducitur
544 2268 658 2314 origo
679 2279 844 2313 operum
869 2270 956 2314 ejus
980 2281 1028 2304 ex
1056 2270 1220 2305 inferno.
1270 2270 1310 2305 Si
1337 2278 1469 2305 autern
1495 2271 1692 2306 sincerum

201 2321 243 2350 et
257 2315 406 2360 justum
425 2315 513 2368 agit·
523 2315 573 2349 ad
592 2316 823 2350 lucrandum
842 2316 997 2355 famam,
1016 2324 1058 2351 et
1075 2328 1144 2362 per
1161 2316 1305 2351 famam
1324 2328 1430 2362 opes,
1450 2329 1574 2363 usque
1591 2319 1693 2352 adeo

201 2368 248 2396 ut
270 2370 457 2407 appareat
482 2369 585 2397 sicut
613 2373 662 2396 ex
686 2373 820 2398 amore
845 2363 1084 2398 sinceritatis
1109 2371 1149 2398 et
1173 2364 1349 2409 justitiae
1374 2372 1519 2409 ageret,
1546 2372 1587 2399 et
1612 2376 1692 2399 non

200 2407 398 2443 sincerum
412 2416 451 2443 et
463 2409 613 2454 justum
627 2409 710 2454 agit
726 2420 775 2444 ex
789 2408 999 2444 affefflone
1012 2421 1080 2444 seu
1100 2421 1147 2445 ex
1161 2410 1387 2446 obedientia
1401 2411 1498 2456 legis
1514 2411 1692 2451 Divinae,

203 2453 238 2490 is
253 2465 378 2500 usque
398 2454 561 2490 interius
579 2455 795 2491 insincerus
812 2464 852 2491 et
871 2457 1039 2502 injustus
1057 2465 1128 2495 est.
1147 2465 1186 2491 et
1211 2468 1330 2502 opera
1348 2458 1434 2502 ejus
1458 2465 1551 2492 sunt
1569 2457 1692 2498 furta;

202 2507 295 2536 nani
313 2513 383 2547 per
400 2501 593 2536 fallaciam
612 2502 848 2538 sinceritatis
865 2511 906 2538 et
921 2504 1097 2548 justitiae
1119 2505 1205 2538 vult
1222 2504 1353 2538 furari.
1403 2503 1521 2550 Quod
1549 2505 1605 2539 ita
1628 2506 1691 2545 sit,

202 2547 477 2584 manifestatur
494 2557 584 2594 post
602 2557 781 2589 mortem,
799 2552 960 2596 quando
981 2551 1104 2585 homo
1121 2562 1168 2585 ex
1196 2551 1380 2585 interiore
1397 2562 1468 2586 sua
1484 2552 1692 2588 voluntate

201 2601 243 2629 et
258 2605 332 2630 suo
348 2606 481 2630 amore
498 2595 591 2641 agit,
610 2603 649 2630 et
675 2607 755 2631 non
773 2598 822 2631 ab
840 2597 1053 2636 exteriore;
1082 2605 1176 2631 tunc
1196 2608 1275 2631 non
1294 2597 1367 2632 nisi
1386 2609 1504 2643 quam
1523 2598 1691 2634 fabricas

201 2647 242 2676 et
258 2641 463 2676 latrocinia
479 2642 629 2687 cogitat
646 2650 686 2678 et
705 2644 874 2682 molitur,
892 2654 938 2678 ac
963 2655 1004 2678 se
1023 2644 1208 2678 subducit
1224 2655 1248 2677 a
1272 2644 1445 2683 sinceris,
1463 2653 1503 2679 et
1529 2656 1571 2679 se
1595 2656 1691 2680 con-

201 2686 277 2722 fert
292 2688 356 2722 vel
381 2689 420 2723 in
438 2689 556 2724 silvas
572 2689 634 2724 vel
657 2690 694 2723 in
713 2691 878 2729 deserta,
896 2701 942 2724 ac
960 2691 1094 2724 studet
1113 2690 1282 2728 insidiis:
1311 2692 1443 2729 verbo,
1462 2691 1562 2726 fiunt
1580 2703 1691 2736 prae-

202 2733 339 2769 dones.
388 2735 516 2770 Aliter
538 2746 633 2771 vero
663 2744 900 2771 mercatores
929 2737 996 2782 qui
1022 2738 1151 2771 omnis
1175 2737 1330 2782 generis
1356 2737 1469 2777 furta,
1498 2739 1689 2783 imprimis

203 2780 389 2816 interiora
404 2788 446 2816 et
469 2782 695 2822 occultiora,
713 2794 814 2828 quae
840 2783 939 2817 fiunt
967 2795 1035 2828 per
1059 2784 1224 2818 astutias
1249 2791 1289 2818 et
1314 2785 1438 2823 dolos,
1458 2792 1500 2819 ut
1527 2793 1690 2830 peccata

202 2825 376 2879 fugiunt:
395 2827 549 2863 illorum
559 2839 680 2873 opera
690 2837 782 2864 sunt
793 2831 927 2864 omnia
937 2831 1051 2866 bona.
1063 2830 1155 2875 quia
1166 2838 1257 2865 sunt
1269 2841 1291 2864 a
1308 2830 1480 2866 Domino
1491 2844 1499 2870 ;
1519 2832 1688 2867 influxus

201 2883 308 2908 emm
332 2885 355 2908 e
379 2875 500 2911 caelo.
518 2875 595 2910 hoc
619 2883 691 2915 est,
710 2887 779 2921 per
794 2877 946 2910 caelum
973 2887 996 2910 a
1025 2877 1206 2916 Domino,
1224 2878 1273 2911 ad
1292 2879 1535 2922 operandum
1563 2879 1638 2918 illa,
1664 2890 1688 2914 a

203 2920 315 2955 malis
328 2919 562 2966 supradiffls
574 2933 655 2957 non
669 2922 909 2968 interceptus
923 2931 994 2958 est.
1047 2923 1119 2958 His
1135 2924 1231 2958 nihil
1250 2932 1394 2959 nocent
1408 2925 1580 2964 divitiae,
1594 2926 1687 2971 quia
