1962 3328
359 272 466 304 CAP.
488 271 605 312 XVI„
627 263 903 303 CONTENTA
923 271 1158 303 VERSUUM
1187 261 1439 302 12—16.—N.
1462 273 1557 314 994.
1617 261 1724 315 2565

247 382 713 408 ‹mawron-mepta.)

318 417 438 465 Quod
454 429 568 454 amor
582 429 673 453 vere
689 418 925 464 conjugialis
951 418 990 452 in
1015 430 1057 454 se
1080 425 1143 453 tot
1164 418 1381 453 ineffabiles
1397 419 1666 464 jucunditates
1682 425 1726 453 ut

246 476 434 500 numeros
450 472 490 500 et
514 475 632 500 voces
649 466 853 509 excedant,
870 466 1084 506 contineat,
1102 473 1284 500 constare
1302 466 1421 500 etiam
1439 472 1573 511 potest
1593 477 1642 500 ex
1667 477 1726 505 eo,

246 512 354 558 quod
380 513 446 547 ille
474 523 587 547 amor
613 512 665 547 sit
690 511 996 547 fundamentalis
1022 512 1199 547 omnium
1225 523 1406 547 amorum
1431 512 1660 547 caelestium
1686 519 1728 547 et

245 559 521 604 spiritualium,
539 558 726 604 quoniam
745 559 867 593 homo
885 570 954 604 per
971 559 1080 593 illum
1099 559 1144 593 fit
1168 569 1298 598 amor;
1328 565 1436 593 amat
1457 559 1563 593 enim
1581 559 1728 604 conjux

245 606 455 651 conjugem
469 617 518 640 ex
536 606 604 640 illo
621 605 724 640 sicut
737 606 885 640 bonum
899 613 1006 640 amat
1018 617 1155 640 verum
1174 613 1214 640 et
1226 617 1363 640 verum
1376 612 1485 640 amat
1498 607 1657 645 bonum,
1674 606 1730 640 ita

246 652 578 697 repraesentative
591 652 694 687 sicut
709 652 904 687 Dominus
917 659 1024 687 amat
1037 652 1189 687 caelum
1203 660 1244 687 et
1257 653 1483 692 ecclesiam,
1475 664 1483 671 ·
1508 653 1599 687 talis
1616 663 1729 687 amor

246 709 327 733 non
354 706 484 744 potest
501 699 669 734 existere
685 710 803 744 quam
831 710 900 744 per
924 699 1165 745 conjugium,
1185 700 1222 733 in
1249 710 1330 745 quo
1355 700 1415 733 vir
1439 706 1500 734 est
1523 710 1661 734 verum
1687 706 1730 733 et

246 755 347 780 uxor
362 746 522 780 bonum.
573 745 673 780 Cum
692 746 813 780 homo
830 746 921 780 talis
937 757 1050 781 amor
1069 745 1195 781 factus
1212 753 1272 781 est
1290 757 1360 791 per
1376 746 1617 792 conjugium,
1632 754 1729 780 tunc

244 792 366 826 etiam
385 793 425 826 in
442 803 576 827 amore
602 792 640 826 in
669 793 883 827 Dominum
901 800 973 833 est,
991 800 1032 828 et
1058 793 1097 827 in
1123 804 1257 828 amore
1274 804 1368 838 erga
1383 793 1619 838 proximum,
1638 804 1729 838 pro-

247 839 367 874 inde
357 850 396 873 m
414 850 548 874 amore
564 839 694 878 omnis
711 839 816 878 boni
834 846 875 874 et
901 840 939 874 in
958 851 1092 875 amore
1110 840 1239 875 omnis
1256 840 1359 879 veri;
1390 851 1480 874 nam
1499 851 1548 874 ex
1565 840 1728 874 homine

246 892 292 920 ut
315 896 450 921 amore
476 897 555 920 non
581 893 749 931 possunt
773 886 848 921 nisi
873 895 1027 922 amores
1052 887 1183 922 omnis
1199 887 1354 932 generis
1372 887 1606 932 procedere:
1637 887 1728 921 inde

246 939 308 968 est
336 933 444 978 quod
469 943 581 967 amor
605 933 838 978 conjugialis
866 933 919 968 sit
946 944 1059 968 amor
1082 933 1389 968 fundamentalis
1414 934 1593 968 omnium
1619 944 1728 968 amo-

246 990 332 1013 rum
358 979 467 1014 caeli.
519 979 633 1014 Nunc
662 980 755 1025 quia
783 987 843 1015 est
873 991 985 1015 amor
1010 979 1318 1015 fundamentalis
1342 981 1520 1015 omnium
1546 991 1727 1015 amorum

245 1026 355 1066 caeli,
373 1033 434 1060 est
458 1026 578 1061 etiam
603 1026 910 1061 fundamentalis
933 1028 1198 1072 jucundorum
1224 1034 1265 1062 et
1288 1027 1523 1080 gaudiorum
1549 1027 1727 1062 omnium

246 1073 356 1111 caeli.
374 1084 466 1107 narn
484 1083 603 1108 omne
615 1073 831 1118 jucundum
846 1081 887 1108 et
903 1074 1092 1119 gaudium
1111 1081 1172 1109 est
1188 1074 1344 1109 amoris.
1397 1074 1453 1108 Ex
1472 1074 1533 1109 his
1550 1075 1731 1120 sequitur

246 1119 353 1165 quod
378 1119 522 1165 gaudia
546 1120 731 1154 caelestia
757 1120 795 1154 in
821 1131 894 1155 suo
919 1121 1057 1155 ordine
1082 1128 1123 1155 et
1149 1121 1186 1155 in
1213 1121 1294 1155 suis
1318 1121 1505 1167 gradibus
1522 1132 1570 1156 ex
1595 1132 1728 1155 amore

245 1166 459 1212 conjugiali
476 1166 648 1212 origines
665 1174 706 1201 et
728 1178 865 1202 causas
882 1167 1053 1202 trahant.
1106 1167 1163 1202 Ex
1180 1168 1434 1202 felicitatibus
1451 1168 1727 1214 conjugiorum

246 1213 428 1247 concludi
459 1220 592 1258 potest
624 1214 673 1248 ad
705 1213 954 1248 infelicitates
983 1214 1277 1254 adulteriorum,
1307 1215 1415 1260 quod
1446 1226 1588 1260 nempe
1617 1225 1731 1249 amor

246 1259 430 1294 adulterii
455 1259 508 1295 sit
533 1259 839 1295 fundamentalis
864 1261 1041 1295 omnium
1068 1271 1247 1296 amorum
1275 1261 1537 1301 infernalium,
1562 1273 1663 1314 quae
1690 1261 1729 1295 in

247 1317 289 1340 se
314 1316 394 1340 non
418 1317 574 1341 amores
591 1314 694 1347 sunt,
713 1308 780 1342 sed
806 1308 916 1347 odia:
947 1308 1112 1352 proinde
1130 1308 1236 1353 quod
1262 1319 1375 1342 amor
1390 1309 1574 1343 adulterii
1601 1309 1663 1348 sit,
1681 1319 1730 1343 ex

246 1364 327 1398 quo
344 1353 563 1388 scaturiunt
580 1353 673 1388 odia
689 1354 819 1389 omnis
835 1355 1001 1400 generis,
1018 1362 1100 1389 tam
1127 1362 1266 1390 contra
1293 1354 1420 1389 Deum
1446 1366 1565 1400 quam
1591 1362 1731 1390 contra

246 1399 482 1444 proximum,
501 1399 540 1434 in
565 1411 709 1445 genere
725 1408 864 1435 contra
880 1412 999 1436 omne
1015 1402 1164 1436 bonurn
1190 1409 1231 1436 et
1256 1413 1392 1436 verum
1418 1402 1516 1436 caeli
1542 1409 1582 1436 et
1607 1402 1731 1437 eccle-

246 1445 347 1487 siae3
377 1446 468 1481 inde
492 1447 528 1482 ei
553 1454 647 1481 sunt
663 1458 802 1482 omnes
828 1448 1098 1488 infelicitates:
1129 1449 1252 1483 homo
1269 1449 1375 1483 enim
1400 1460 1447 1483 ex
1465 1449 1669 1483 adulteriis
1686 1449 1731 1483 fit

246 1493 375 1527 forma
392 1493 543 1533 inferni,
557 1500 598 1528 et
615 1505 663 1528 ex
680 1505 814 1529 amore
834 1495 988 1529 illomm
1008 1495 1079 1529 fit
1071 1506 1201 1541 imago
1219 1496 1378 1535 diaboli,
1393 1503 1436 1530 ut
1455 1496 1562 1540 prius
1580 1494 1730 1530 dictum

248 1546 320 1574 est.
369 1539 487 1586 Quod
505 1551 552 1575 ex
570 1541 775 1587 conjugiis,
795 1541 834 1575 in
853 1542 995 1587 quibus
1012 1549 1074 1576 est
1090 1553 1203 1576 amor
1218 1553 1310 1577 vere
1328 1543 1573 1588 conjugialis,
1592 1553 1731 1577 omnes

245 1586 513 1631 jucunditates
534 1594 575 1623 et
600 1587 808 1623 felicitates
830 1595 1010 1623 crescant
1035 1600 1159 1634 usque
1183 1589 1234 1623 ad
1258 1589 1526 1634 jucunditates
1544 1596 1584 1624 et
1610 1589 1731 1624 felici-

246 1633 387 1668 citates
405 1634 534 1668 intimi
552 1635 671 1674 caeli:
700 1641 741 1669 et
766 1636 871 1680 quod
891 1636 1199 1680 injucunditates
1224 1643 1264 1670 et
1291 1636 1553 1676 infelicitates,
1572 1637 1611 1670 in
1637 1647 1732 1670 con-

245 1679 289 1725 ju
320 1680 374 1715 ‘'is
391 1681 431 1714 in
456 1681 599 1726 quibus
623 1692 735 1716 amor
758 1682 941 1716 adulterii
969 1690 1116 1728 regnat,
1142 1690 1320 1717 crescant
1345 1683 1503 1718 diritate
1529 1694 1652 1728 usque
1682 1683 1731 1717 ad

247 1726 288 1761 in
318 1737 426 1761 mum
445 1727 651 1768 infernum,
669 1728 877 1763 videatur·
868 1740 907 1763 m
925 1740 1045 1774 opere
1062 1730 1123 1763 De
1140 1730 1249 1764 Caelo
1265 1734 1302 1763 et
1317 1730 1480 1776 Inserno
1499 1736 1544 1770 (n
1559 1734 1645 1771 386).

857 1878 988 1901 νεικεῦς
1014 1870 1130 1902 12-16.

408 1948 465 1992 4·
502 1953 563 1979 “ft
574 1954 678 1980 sextus
690 1955 811 1986 anyelus
824 1953 928 1986 effudit
938 1954 1064 1986 phialam
1077 1961 1160 1981 suam
1169 1962 1260 1986 super
1266 1954 1388 1988 fluvium
1401 1963 1534 1988 magnum
1547 1955 1731 1987 Euphratem,

248 1990 280 2015 et
290 1991 440 2018 assecuta
452 1994 501 2019 eet
512 2000 588 2025 aqua
600 1994 674 2025 ejus,
687 1995 721 2019 ut
731 1996 888 2025 pararetur
901 1994 947 2020 υῘα
959 2001 1057 2026 requm
1069 1995 1107 2021 ab
1119 1997 1184 2021 ortu
1196 1995 1277 2022 solis.
1314 1995 1335 2021 Ε
1337 1998 1350 2021 t
1363 1996 1422 2021 vidi
1433 2003 1469 2021 ex
1482 2003 1532 2021 ore
1544 1996 1689 2026 draconis,
1705 1998 1734 2022 et

247 2034 289 2054 ct
295 2035 346 2054 ore
358 2028 479 2060 beetu’ue,
493 2032 525 2056 et
536 2038 573 2056 ex
585 2038 635 2057 ore
648 2032 927 2063 pseudoprophetae,
938 2032 1062 2063 spiritus
1074 2034 1137 2059 tres
1149 2033 1310 2059 Immundus
1322 2034 1434 2059 similes
1446 2034 1537 2059 ranis.
1574 2032 1646 2059 Sunt
1658 2034 1733 2059 em'm

246 2065 373 2098 :pintan
383 2068 552 2094 daemonum
562 2068 711 2100 facientes
723 2069 817 2101 siqua,
831 2070 870 2095 ad
881 2070 1042 2095 abeundum
1055 2071 1094 2096 ad
1106 2078 1191 2102 reyes
1202 2073 1301 2097 terrae
1313 2073 1344 2096 et
1357 2072 1436 2097 orbis
1451 2071 1551 2101 totius,
1565 2072 1604 2096 ad
1614 2078 1735 2103 conpre-

247 2105 371 2136 Μάνην
383 2105 450 2132 Illos
461 2107 492 2132 Ῑη
506 2107 645 2137 proelium
657 2107 717 2133 dle!
729 2107 807 2133 illius
821 2108 917 2139 muym'
930 2108 1005 2139 [Det]
1017 2109 1233 2140 omnipotentis.
1271 2109 1342 2135 Ecce
1355 2110 1437 2135 vem'o
1449 2110 1526 2135 sicut
1537 2109 1610 2141 fur:
1631 2110 1734 2135 beatus

247 2142 299 2174 qul
313 2143 415 2175 vsqlloet
431 2145 462 2169 et
478 2146 579 2170 servat
596 2145 769 2170 vestimenta
783 2152 846 2174 suu,
863 2147 896 2171 ut
913 2153 969 2171 non
987 2147 1082 2172 nudus
1100 2147 1234 2177 ambulet,
1251 2148 1281 2172 et
1299 2147 1416 2173 videant
1434 2148 1571 2178 pudorem
1590 2147 1663 2179 ejus.
1700 2147 1736 2173 ft

248 2181 433 2213 οοηςνεᾳοοίΐ
444 2181 511 2208 illos
523 2182 552 2208 Ῐη
565 2183 654 2208 locum
669 2183 777 2208 dit-tum
790 2183 930 2209 Hebraice
943 2183 1173 2216 Armaqeddonst

273 2253 325 2278 12.
356 2246 420 2280 ·1:·t
431 2250 554 2281 setius
568 2249 713 2291 angelus
725 2247 851 2282 effudit
860 2248 1010 2292 phialam
1025 2259 1125 2283 suam
1137 2260 1242 2292 super
1258 2251 1303 2284 nu
1308 2250 1395 2283 rium
1409 2260 1566 2293 magnum
1579 2250 1734 2293 Euphra-

425 2292 522 2329 temf'
544 2292 707 2333 significat
731 2298 854 2323 statum
881 2294 1026 2324 ecclesiae
1053 2294 1338 2344 [maqt'j'e’slcrtuttt]
1368 2297 1479 2336 quoad
1500 2296 1682 2326 rati‘onalm
1706 2300 1738 2325 et

425 2336 502 2367 inde
520 2335 773 2377 intelligentiam
795 2336 843 2380 [n.
861 2337 964 2379 995];
999 2340 1056 2371 “et
1072 2338 1245 2371 exsiccata
1265 2341 1322 2371 est
1336 2348 1427 2388 aqua
1451 2338 1535 2380 ejus,
1537 2338 1735 2379 ”significat

424 2381 515 2421 quod
534 2386 656 2411 remota
678 2381 748 2411 sint
758 2381 855 2422 falsa
881 2380 928 2424 [n.
945 2381 1050 2423 996];
1084 2385 1146 2415 “ut
1158 2385 1346 2425 pararetur
1371 2382 1424 2415 ria
1448 2392 1567 2424 regum
1590 2382 1634 2415 ab
1658 2384 1736 2415 ortu

423 2422 536 2461 solis?
548 2424 709 2465 siguificat
725 2429 764 2455 ut
775 2425 945 2456 Divinum
968 2426 1087 2457 Verum
1104 2438 1124 2456 a
1143 2427 1288 2457 Domum
1297 2432 1403 2467 posset
1419 2427 1559 2468 affluere
1572 2426 1625 2469 [n.
1639 2426 1733 2469 997].

277 2491 326 2525 13.
358 2483 421 2517 ‘Et
436 2482 505 2517 ridi
517 2493 559 2517 ει
571 2494 631 2518 ονε
647 2484 815 2523 draconis,
829 2487 865 2518 et
879 2495 921 2518 ex
937 2495 998 2519 ονε
1012 2485 1171 2522 bestiael'
1184 2486 1345 2536 significat
1363 2498 1403 2517 ex
1418 2487 1621 2528 cogztatonne
1636 2489 1734 2518 ratio-

427 2529 779 2570 cinatzone‚rcl1gi0ne
790 2535 820 2560 et
839 2531 993 2560 dollriua
1011 2532 1144 2561 illorum
1162 2533 1222 2572 qui
1237 2542 1273 2561 m
1286 2532 1352 2561 sola
1357 2531 1443 2572 fide
1448 2512 1490 2561 oet
1506 2542 1543 2561 m
1559 2531 1734 2566 confirma-

425 2573 568 2603 tionabus
575 2584 644 2614 ejus
652 2584 694 2603 ex
704 2574 861 2604 naturali
871 2574 1003 2605 homine
1017 2575 1066 2616 [n.
1078 2574 1183 2616 998];
1202 2577 1259 2607 “ei
1268 2584 1309 2607 ex
1320 2584 1379 2607 ore
1388 2574 1735 2617 pseudoprophetae:

428 2615 587 2657 significat
606 2618 796 2648 dollrinam
803 2617 896 2659 fidei
910 2623 1080 2659 separatae
1098 2630 1118 2648 α
1138 2619 1268 2654 v1'la,et
1280 2619 1533 2660 justificatzffoms
1544 2625 1609 2659 per
1627 2620 1734 2655 alam,

426 2660 658 2710 confirmatam
681 2672 723 2692 ex
754 2661 853 2692 Verbo
865 2662 1051 2704 salsrficato
1077 2662 1127 2704 [n.
1146 2662 1250 2703 999];
1276 2662 1440 2711 ἐρίν’ἰΐυε
1456 2665 1529 2695 tres
1544 2661 1735 2696 immundos

425 2702 557 2790 εἰηΙῘΙῗε
573 2703 679 2742 Panis,
682 2747 711 2790 ]
679 2704 875 2746 'significat
892 2707 1162 2736 ratiocinatmnes
1177 2717 1217 2736 ex
1238 2706 1444 2747 merzsfalsis
1467 2711 1581 2737 contra
1597 2707 1735 2738 Divma

425 2757 505 2778 vera
544 2758 575 2778 n.
596 2756 680 2779 1000

278 2812 328 2844 14
360 2804 468 2839 'Sum
481 2805 568 2839 em'm
583 2806 728 2849 spiritus
743 2807 971 2845 daemonum?
987 2809 1147 2849 significat
1156 2810 1251 2851 falsa
1270 2811 1448 2840 ratmcim'a
1465 2821 1506 2841 ex
1522 2811 1657 2851 mser-no
1679 2810 1731 2852 [n.

431 2850 551 2893 1001],
542 2862 550 2869 ·
577 2851 764 2885 ‘faciontes
777 2851 885 2894 siynu
886 2853 1079 2893 ”significat
1089 2854 1328 2894 persuademm
1338 2859 1403 2895 per
1402 2855 1566 2895 sallat-ms
1574 2860 1603 2885 et
1613 2855 1733 2895 sophis-

427 2894 493 2925 tica
508 2894 559 2938 [n.
577 2894 694 2938 1002];
713 2895 781 2928 “ad
792 2895 982 2929 abeundum
997 2896 1045 2930 ad
1057 2906 1160 2940 reyes
1176 2899 1291 2931 terme
1307 2900 1343 2930 et
1356 2897 1448 2931 orbis
1465 2897 1579 2935 totius,
1592 2898 1640 2931 ud
1652 2907 1733 2931 con-
