1962 3328
552 315 660 349 CAP.
681 314 802 356 nxz,
824 314 963 347 VERS.
983 313 1133 359 9.-Ν,
1159 313 1278 357 1225.
1550 304 1659 356 2857

170 419 353 467 societati
377 428 499 470 caeli;
523 428 874 474 correspondentia
898 433 959 463 est
975 427 1079 463 sicut
1096 426 1199 462 inter
1214 424 1446 461 affeEtiones
1469 425 1595 460 bonas
1620 432 1661 460 et

171 477 276 518 inter
290 475 520 512 afl'ectiones
545 476 678 516 malas,
696 485 788 510 nam
813 485 952 510 omnes
976 474 1187 510 societates
1211 480 1305 508 sunt
1329 471 1581 507 affefiiones:
1608 472 1661 506 ita

136 548 142 561 ,
170 523 507 579 quemadmodum
532 522 773 568 unaquaevis
798 522 966 557 societas
990 521 1088 556 caeli
1115 521 1155 555 in
1180 531 1277 555 cons
1330 518 1395 554 &u
1418 519 1579 554 Domini
1601 526 1663 554 est

115 590 123 601 ν
170 577 275 607 sicut
290 581 393 605 unus
412 569 547 605 Homo
565 569 743 615 Angelus
764 569 803 603 in
823 567 1083 604 similitudine
1102 578 1175 602 sua
1193 567 1270 602 affe
1313 566 1424 606 ionis,
1446 573 1491 600 ut
1510 565 1661 600 dictum

102 618 126 659 ἐξ
171 621 243 658 αεὶ,
261 617 317 652 ita
335 627 494 663 quoque
511 616 752 661 unaquaevis
773 616 942 651 societas
963 614 1104 650 inferni
1124 621 1186 649 est
1206 614 1246 648 in
1263 612 1477 659 conspeciu
1500 612 1662 647 Domini

91 677 93 685 ·
171 664 274 701 sicut
290 674 393 699 unus
419 663 555 698 Homo
581 662 772 698 Diabolus
798 662 837 697 in
862 662 1122 697 similitudine
1146 671 1241 696 suae
1266 661 1393 695 malae
1417 659 1663 698 afieftioni53

75 720 117 748 ἐῚ
131 712 143 731 ³
171 711 309 747 datum
326 710 446 746 etiam
467 716 528 745 est
548 710 626 744 hoc
641 709 788 744 videre.
837 710 1044 754 Apparent
1067 708 1228 754 quidem
1253 708 1357 743 sicut
1382 707 1574 746 homines,
1593 707 1662 742 sed

108 752 112 767 ²
171 757 398 794 monstrosi.
439 757 532 791 Tria
543 757 697 791 illomm
709 767 855 802 genera
864 756 958 796 vidi,
971 756 1128 802 ignitos,
1139 755 1274 801 nigros
1282 761 1323 790 et
1334 754 1512 800 pallidos,
1524 765 1664 788 omnes

162 811 306 840 *tamen
330 803 498 839 deformi
523 803 633 843 facie,
659 814 760 838 sono
788 803 905 843 sicco,
931 803 1089 848 loquela
1112 809 1285 840 externa.
1310 812 1357 836 ac
1380 808 1496 847 gestu
1521 801 1664 839 simili;

67 854 122 892 [⁴⁷
143 886 150 894 v,
171 851 357 887 omnibus
369 857 430 886 est
446 861 559 885 amor
574 850 754 890 lascivus,
767 857 808 885 et
826 850 973 885 nemini
986 856 1140 889 castus;
1157 849 1334 895 jucunda
1343 848 1561 883 voluntatis
1579 847 1665 883 illo-

138 898 140 902 ’
173 907 260 945 rum
278 903 373 933 sunt
389 897 502 937 mala,
521 903 562 932 et
576 897 752 943 jucunda
768 897 1023 943 cogitationis
1041 897 1196 932 illorum
1214 902 1308 932 sunt
1324 895 1432 930 falsa.

253 1007 410 1052 1225.
449 997 600 1038 “Beati
619 997 691 1051 qui
705 997 762 1037 ad
785 1010 929 1037 cenam
956 996 1185 1050 nuptiarum
1201 996 1308 1050 Aqm'
1327 995 1462 1037 monti
1474 995 1667 1036 sunt.''—

76 1112 83 1118 η
99 1099 114 1119 ζ..
161 1056 310 1116 ἼΩιιοό
331 1061 552 1116 significet
570 1062 690 1116 quod
699 1061 773 1103 illi
789 1062 834 1102 in
856 1061 1019 1102 caelum
1035 1062 1216 1102 venturi
1235 1061 1340 1109 sint,
1359 1061 1439 1114 qui
1449 1067 1536 1113 per
1556 1074 1666 1100 vera

71 1115 133 1181 J³
172 1139 231 1167 ex
269 1125 408 1167 Verbo
441 1127 762 1180 conjunguntur
789 1124 991 1173 Domino,
1019 1131 1062 1165 ct
1087 1124 1213 1179 fiunt
1240 1124 1452 1172 ecclesiae,
1480 1129 1664 1164 constat

173 1202 236 1230 ex
257 1187 587 1242 significatione
615 1187 932 1235 “beatorum‚'’
953 1188 1074 1241 quod
1100 1188 1191 1228 sint
1214 1187 1288 1240 qui
1314 1187 1358 1226 in
1385 1186 1516 1227 caelo
1541 1194 1663 1243 sunt,

174 1257 223 1293 et
252 1251 298 1291 in
329 1250 505 1292 caelum
526 1251 705 1291 venturi
737 1257 856 1298 sunt,
889 1250 936 1291 hi
961 1251 1081 1292 enim
1113 1256 1217 1290 sunt
1250 1250 1401 1300 beati;
1434 1263 1494 1290 ex
1525 1250 1665 1302 signi-

174 1312 388 1355 ficatione
421 1313 640 1361 “cenae,”
670 1314 791 1366 quod
832 1314 891 1354 sit
932 1314 1213 1354 consociatio
1255 1326 1335 1366 per
1374 1325 1576 1352 amorem
1618 1318 1665 1352 et

139 1413 141 1415 ,
174 1375 530 1418 communicatio
552 1384 607 1422 (de
621 1393 687 1422 qua
702 1385 838 1423 [sum-³1,
853 1394 884 1414 n.
901 1383 1001 1426 252)
1021 1387 1031 1424 ;
1061 1374 1167 1414 inde
1185 1387 1265 1427 per
1289 1378 1315 1394 “
1330 1386 1494 1414 cenam
1516 1374 1668 1426 nupti-

174 1451 301 1479 arum
330 1438 492 1492 Agni”
513 1437 792 1491 significatur
822 1436 1080 1490 conjunctio
1111 1450 1213 1479 cum
1246 1438 1459 1487 Domino,
1482 1444 1530 1479 et
1561 1438 1667 1479 inde

72 1498 126 1552 ’ζί
173 1501 526 1542 communicatio
549 1514 652 1541 cum
674 1501 761 1541 illis
783 1502 856 1555 qui
879 1501 936 1542 ab
958 1501 1035 1542 illa
1058 1500 1252 1542 ecclesia
1273 1507 1392 1542 sunt.

59 1580 62 1582 ’
79 1594 86 1605 ‘
92 1577 124 1627 fs·
133 1605 146 1622 2„
152 1615 154 1618 ,
161 1597 358 1631 zon-mutua
367 1597 409 1624 [ee
420 1598 647 1624 otuu-praesentia
656 1600 681 1619 et
689 1598 720 1619 de
732 1597 951 1624 annisa-ennam

247 1634 312 1680 [6.]
348 1635 460 1680 Quod
474 1646 523 1669 ex
538 1636 859 1680 omnipraesentia
879 1639 915 1668 el
933 1636 1195 1668 omniscientia
1215 1635 1383 1669 Domini
1398 1636 1456 1668 ila
1473 1637 1667 1680 percepta,

173 1681 218 1716 in
233 1682 459 1716 intellellum
475 1682 592 1716 cadat
608 1682 788 1726 quomodo
806 1682 999 1716 Dominus
1014 1685 1069 1715 est
1092 1693 1199 1716 omne
1210 1686 1246 1716 et
1262 1684 1306 1716 in
1323 1682 1495 1716 omnibus
1515 1682 1617 1716 caeli
1631 1685 1669 1716 et

138 1728 146 1739 ²
173 1728 356 1768 adestne,
374 1733 411 1762 et
425 1729 526 1773 quod
543 1731 586 1762 in
610 1729 776 1763 Domino
790 1731 912 1763 simus
930 1733 966 1762 et
981 1730 1069 1774 Ipse
1088 1731 1131 1763 in
1155 1728 1398 1763 nobis—Per
1414 1729 1549 1763 omnia
1568 1729 1668 1764 caeli

155 1782 158 1785 ’
172 1780 217 1811 et
231 1775 421 1811 ecelesiae
438 1775 673 1822 intelligitur
690 1775 882 1810 Divinum
901 1776 1051 1810 Verum
1073 1783 1114 1810 et
1140 1775 1333 1810 Divinum
1361 1775 1542 1815 Bonum:
1569 1776 1666 1811 illud

76 1852 78 1857 .
173 1828 302 1869 eet-ex
318 1822 407 1857 luce
425 1821 529 1857 Solis
546 1823 655 1862 caeli,
674 1833 774 1868 quae
792 1829 853 1858 est
877 1822 1081 1868 sapientia,
1100 1829 1141 1858 et
1165 1823 1243 1858 hoc
1267 1830 1328 1858 est
1345 1834 1394 1858 ex
1414 1823 1545 1860 calore
1564 1822 1669 1860 Solis

85 1866 135 1917 [112
172 1869 284 1910 meli,
301 1869 369 1917 qui
387 1876 448 1904 est
465 1879 597 1909 am0r;
623 1869 764 1915 angeli,
778 1870 1116 1916 quemadmodum
1135 1878 1229 1905 sunt
1247 1870 1482 1917 recipientes
1497 1871 1668 1911 illorum.

84 1914 134 1954 ,fis
164 1915 233 1952 εἰη
255 1922 350 1951 sunt
374 1917 528 1951 caelum
555 1917 594 1951 in
620 1917 835 1960 communi.
853 1924 894 1952 et
913 1917 967 1951 illi
994 1917 1092 1952 caeli
1113 1917 1151 1951 in
1173 1917 1384 1964 singulari;
1409 1926 1450 1954 et
1471 1919 1667 1959 homines.

143 1971 157 2001 j
174 1964 513 2009 quemadmodum
528 1970 623 1999 sunt
636 1963 871 2008 recipientes
889 1964 1059 2004 illorum,
1076 1964 1131 2000 ita
1143 1972 1235 2000 sunt
1253 1966 1420 2001 ecclesia
1437 1966 1476 2000 in
1489 1977 1668 2001 commu-

93 2014 131 2058 {j
175 2009 228 2051 ni,
241 2017 282 2046 et
300 2010 355 2045 illi
371 2010 561 2046 ecclesiae
587 2010 626 2045 in
651 2010 840 2056 singulari
856 2022 864 2046 :
889 2023 968 2046 non
987 2012 1106 2046 datur
1122 2012 1271 2058 aliquid
1289 2014 1395 2058 apud
1411 2014 1533 2048 ullum
1549 2025 1668 2060 ange-

88 2068 124 2106 {-
146 2079 154 2090 ‹.
165 2056 259 2092 ·lum
270 2057 378 2103 quod
396 2057 490 2092 facit
507 2058 661 2092 caelum
681 2057 719 2092 in
739 2058 818 2098 illo,
833 2069 906 2093 nec
918 2059 1066 2104 aliquid
1081 2059 1185 2105 apud
1201 2060 1324 2094 ullum
1341 2060 1543 2095 hominem
1557 2062 1665 2107 quod

116 2100 131 2137 ί
150 2119 155 2123 ·
174 2102 270 2139 facit
297 2104 503 2139 ecclesiam
531 2104 570 2138 in
604 2105 683 2144 illo,
702 2105 775 2139 nisi
802 2116 923 2150 quam
955 2105 1146 2140 Divinum
1171 2107 1391 2151 procedens
1419 2119 1444 2142 a
1469 2107 1667 2147 Domino:

86 2171 132 2199 &a
176 2160 275 2195 nam*
287 2152 398 2196 quod
415 2162 533 2186 omne
550 2163 686 2186 verum
705 2152 807 2191 fidei,
825 2159 866 2187 et
883 2163 1002 2188 omne
1019 2153 1167 2188 bonum
1187 2155 1332 2189 amoris
1353 2154 1406 2189 sit
1430 2166 1454 2189 a
1480 2155 1666 2194 Domino,

102 2211 125 2230 :-
176 2203 219 2232 et
241 2196 340 2232 nihil
366 2209 505 2233 eorum
530 2199 580 2233 ab
601 2199 773 2239 homine,
795 2207 935 2234 notum
961 2207 1032 2235 est.
1085 2201 1142 2235 Ex
1168 2201 1230 2236 his
1256 2209 1366 2246 patet
1390 2203 1498 2247 quod
1528 2202 1667 2237 Domi-

132 2251 151 2265 ²-
177 2255 251 2280 nus
270 2245 323 2280 sit
346 2256 465 2280 omne
490 2252 530 2280 et
557 2245 595 2280 in
621 2245 806 2281 omnibus
834 2246 931 2281 caeli
961 2254 1002 2282 et
1027 2247 1226 2283 ecclesiae.
1277 2247 1397 2294 Quod
1425 2249 1463 2283 in
1491 2248 1667 2284 Domino

95 2302 122 2327 L
177 2291 310 2332 simus,
327 2298 369 2327 et
387 2291 475 2338 Ipse
493 2292 533 2327 in
551 2293 675 2333 nobis,
694 2293 813 2328 docet
832 2293 920 2339 Ipse
934 2294 1039 2340 apud
1065 2295 1290 2340 Johannem,
1324 2292 1340 2296 “

234 2371 330 2412 Jesns
349 2373 438 2407 dixit.
451 2373 546 2410 “Qui
567 2374 741 2403 mandumt
760 2383 865 2403 mmm
887 2383 1026 2409 carnem,
1048 2379 1080 2404 et
1103 2375 1183 2405 bibit
1203 2384 1311 2405 meum
1333 2376 1531 2414 sanguinem,
1546 2378 1580 2407 in
1608 2369 1673 2408 Me·

335 2418 452 2447 manet,
467 2418 499 2442 et
513 2413 584 2451 Ego
594 2414 627 2443 in
641 2414 695 2443 illo
704 2414 722 2434 '·'
739 2414 793 2453 (vi.
809 2415 882 2453 56);

178 2489 221 2520 et
235 2464 342 2531 apud
359 2470 542 2526 eundem,

79 2584 88 2590 A
115 2579 119 2599 ἡ,
257 2551 277 2564 ··
289 2549 328 2579 In
341 2549 394 2579 die
405 2549 460 2580 illo
474 2550 651 2588 agnoscetis
664 2551 753 2588 quod
765 2574 773 2582 .
787 2574 795 2581 .
806 2574 813 2581 .
824 2574 832 2582 .
843 2561 899 2581 vos
913 2552 945 2581 in
962 2552 1029 2586 Me,
1044 2557 1076 2582 et
1092 2553 1162 2590 Ego
1177 2553 1210 2582 in
1223 2553 1342 2582 vobis”
1359 2553 1434 2592 (xiv.
1451 2563 1500 2590 20,
1515 2555 1567 2593 21)
1580 2565 1587 2590 ;

177 2626 221 2656 et
236 2620 330 2656 alibi
347 2621 520 2667 [dicitur]

110 2670 129 2701 ’Τ
321 2685 419 2723 Quod
433 2685 465 2715 in
480 2686 556 2724 Ipso
569 2686 722 2722 vivamus,
737 2695 932 2722 movmmur.
948 2692 980 2717 et
993 2689 1092 2718 simus
1108 2688 1210 2727 [(Ac‘t.
1226 2690 1334 2728 Apost.
1350 2690 1422 2721 xvii.
1438 2690 1520 2730 28)].

151 2805 153 2807 Ι
179 2754 329 2793 Onines
349 2758 475 2803 angeli
497 2758 595 2794 caeli
616 2766 657 2795 et
677 2770 815 2795 omnes
836 2760 1017 2796 homines
1035 2762 1222 2797 ecclesiae
1240 2769 1334 2797 sunt
1352 2763 1391 2797 in
1419 2763 1604 2804 Domino.
1623 2773 1664 2801 et

180 2801 376 2857 Dominus
393 2805 433 2838 in
452 2804 538 2845 illis,
556 2806 718 2851 quando
735 2814 828 2842 sunt
850 2807 887 2842 in
906 2808 1065 2843 caelesti
1089 2809 1156 2844 illo
1177 2809 1361 2849 Homine.
1380 2811 1430 2845 de
1448 2822 1528 2856 quo
1545 2823 1664 2857 supra

179 2848 328 2885 dictum
342 2858 423 2891 est;
444 2861 492 2886 an
522 2852 572 2887 eli
586 2860 627 2887 et
643 2853 825 2889 homines
838 2861 935 2889 tunc
954 2855 993 2889 in
1014 2855 1187 2890 Domino
1201 2864 1294 2890 sunt
1306 2857 1399 2902 quia
1415 2866 1510 2892 sunt
1525 2860 1663 2904 recipi-

179 2896 290 2932 entes
302 2897 407 2951 vitae
424 2898 488 2951 ab·
510 2909 591 2952 pso,
606 2899 661 2952 ita
675 2901 714 2934 in
734 2899 862 2945 Ipsius
877 2901 1042 2941 Divino:
1069 2910 1108 2937 et
1125 2902 1319 2938 Dominus
1338 2904 1376 2938 in
1397 2905 1472 2940 illis
1485 2913 1556 2943 est.
1570 2906 1660 2951 quia

85 2955 123 3001 '·{
179 2949 240 2978 εει
254 2950 339 2978 vita
355 2955 395 2978 in
413 2946 703 2991 recipientibus.
755 2947 811 2982 Ex
830 2947 892 2983 his
913 2955 1021 2994 patet
1039 2949 1147 2995 quod
1170 2961 1307 2986 ornnes
1332 2952 1399 2997 qui
1427 2952 1464 2986 in
1492 2953 1659 2988 naturali
