1962 3328
657 251 763 284 CAP.
785 251 901 292 xvl„
923 250 1061 283 VERS.
1084 241 1230 282 8.-Ν.
1252 241 1348 294 981.
1634 250 1745 294 2549

263 361 303 395 in
327 367 368 396 te
383 372 582 407 quaerere,
601 360 744 408 “Quae
768 368 862 396 sunt
885 361 991 396 bona
1015 372 1136 406 opera
1152 371 1253 406 quae
1271 360 1422 399 faciam,
1440 366 1510 394 aut
1534 359 1629 405 quid
1647 359 1743 394 boni

261 406 402 442 faciam
415 415 461 442 ut
474 409 597 442 vitam
608 416 809 443 aeternam
822 408 1012 453 accipiam
1022 407 1064 443 ?’'
1114 407 1282 442 Abstine
1296 407 1416 441 modo
1429 417 1452 440 a
1466 406 1579 441 malis
1592 413 1636 440 ut
1654 415 1744 451 pec·

260 453 370 494 catis,
387 461 429 489 et
444 453 580 500 specta
595 455 645 489 ad
666 454 891 494 Dominum,
908 465 955 489 ac
972 454 1168 489 Dominus
1185 454 1343 489 docebit
1360 460 1401 488 et
1418 453 1548 488 ducet.

882 613 1019 636 vnnscs
1042 606 1071 643 8,
1088 615 1119 645 9.

462 696 480 711 ο
516 684 576 711 “ft
589 687 710 717 quartus
724 686 845 717 melus
858 685 962 717 effudit
974 685 1103 716 phiatam
1117 693 1200 711 suam
1215 685 1245 711 1'n
1263 686 1362 715 solem.
1378 687 1409 711 et
1422 686 1521 710 datum
1535 686 1584 711 ut
1600 685 1645 711 ιἹΙι·
1657 686 1744 711 autu

258 721 390 755 afluere
403 723 532 750 tantm
545 731 600 756 nr
615 724 718 757 lynem.
754 724 791 750 ft
804 726 1013 751 amaverunt
1027 725 1157 751 nomines
1170 726 1255 751 aestu
1270 732 1381 757 magno,
1397 726 1428 751 et
1442 725 1679 756 blasphemarunt
1693 732 1745 751 uo-

260 767 326 786 -ει
340 759 392 786 Μ
401 761 537 788 habentis
547 763 725 793 meme-
736 769 828 794 ευμεν
838 764 942 794 playa
954 763 1018 793 has.
1032 764 1063 789 et
1073 770 1129 788 non
1141 763 1327 794 resipuerunt
1338 764 1409 789 dare
1421 763 1482 794 Ιρει·
1492 763 1645 795 glorians*

304 838 339 873 8.
369 839 434 874 ’Β
441 843 587 884 quartus
597 842 743 884 angelus
753 841 875 875 effudit
879 842 1030 884 phialam
1040 852 1141 876 suam
1152 842 1187 875 Ῐη
1201 843 1336 879 solem?
1347 842 1506 883 signifieat
1518 848 1641 874 statum
1653 844 1745 874 eccle-

434 886 505 916 siae
514 885 764 927 umisa-tatum
775 887 888 927 quoad
899 897 1046 917 amorem
1058 888 1096 918 in
1108 887 1232 924 Deum,
1245 887 1295 918 ita
1310 887 1348 918 in
1360 887 1549 918 Dominum
1569 887 1619 930 [n.
1636 886 1720 929 981]
1733 899 1742 924 ;

436 930 496 961 ‘et
510 928 627 961 datum
642 931 700 962 ost
711 929 764 961 im
775 932 877 962 aestu
891 930 1042 973 affligere
1056 929 1209 964 homines
1220 940 1286 973 per
1299 930 1438 974 ignem?
1447 931 1606 972 signifieat
1618 932 1743 973 cupidi-

434 977 515 1003 tates
519 973 735 1015 sakgficaudi
747 984 829 1004 vera
844 974 1007 1006 amandas
1019 986 1062 1005 ex
1075 975 1243 1006 amoribus
1255 975 1313 1006 sui
1324 979 1356 1006 et
1368 976 1492 1006 mundi
1507 975 1559 1018 [n.
1576 975 1674 1017 982].

304 1048 338 1082 9.
370 1040 432 1074 Ἐἰ
439 1044 691 1075 aestuaverunt
696 1042 849 1075 homines
863 1045 966 1076 aestu
977 1045 1126 1086 magno?
1135 1044 1296 1085 signifioet
1308 1045 1518 1086 cupiditatem
1530 1046 1748 1076 adulterandi

435 1095 515 1117 vera
537 1091 570 1117 et
590 1086 673 1117 bona
698 1087 795 1117 Verbi
807 1087 1027 1118 vehementem
1054 1088 1105 1130 [n.
1120 1087 1204 1130 983]
1215 1100 1225 1126 ;
1251 1091 1308 1121 ἐἰ
1326 1088 1605 1131 blasphemarunt
1623 1098 1745 1122 nomen

437 1128 525 1166 0012*
544 1130 703 1171 signifieat
715 1131 991 1172 sah-ficationem
1022 1132 1118 1163 Verbi
1136 1132 1284 1163 Domini
1303 1143 1404 1174 usque
1425 1134 1474 1164 ad
1490 1134 1743 1164 destmc?isnene

435 1173 567 1204 Divina·
596 1174 673 1205 Veri
692 1175 731 1205 in
754 1175 850 1205 caelis
866 1174 917 1217 [n.
933 1174 1039 1216 984];
1065 1175 1242 1208 “habentis
1261 1179 1469 1218 potestatem
1492 1186 1599 1219 super
1618 1178 1745 1220 plagas

434 1216 528 1254 has:
542 1217 702 1258 signifieat
716 1229 785 1249 non
799 1219 951 1249 timorem
968 1225 1033 1260 pro
1048 1220 1165 1251 ultimo
1169 1221 1302 1262 Judzcto
1315 1231 1337 1250 a
1359 1220 1519 1258 Domino,
1534 1226 1566 1252 et
1584 1226 1666 1252 tunc
1678 1226 1745 1263 pro

434 1261 650 1292 damnatione
666 1266 699 1292 el
710 1267 777 1303 pro
791 1263 973 1303 punitione
986 1264 1153 1294 malorum
1168 1269 1199 1294 et
1220 1264 1474 1306 indefahorum
1489 1276 1575 1306 quae
1595 1266 1743 1296 devasta-

434 1310 561 1336 verunt
580 1306 742 1337 ecclesiam
762 1306 812 1348 [n.
830 1305 935 1348 985];
968 1309 1024 1339 “ei
1044 1317 1111 1340 non
1134 1306 1354 1350 resipuerunt
1375 1308 1460 1341 dare
1483 1308 1555 1351 Ipsi
1570 1309 1745 1351 ,qim-Iam!

434 1347 595 1389 signifioet
608 1351 699 1391 quod
713 1361 736 1380 η
756 1361 779 1380 η
800 1351 969 1381 voluerint
980 1362 1013 1382 se
1027 1356 1215 1383 convertere
1228 1353 1372 1383 vivendo
1381 1354 1561 1384 secundum
1569 1358 1744 1395 praecepta

434 1392 581 1423 Domini
596 1393 648 1436 [u.
665 1361 764 1436 9865.

341 1490 472 1544 981.
493 1502 599 1540 [Vm.
615 1503 659 1541 8.]
681 1493 760 1533 “ft
771 1497 944 1546 quartus
960 1495 1131 1547 anyelus
1145 1495 1287 1534 effudit
1293 1494 1471 1547 phialam
1486 1509 1603 1536 suam
1617 1496 1657 1536 in
1675 1510 1746 1538 so-

260 1553 574 1606 lom.''-—Quod
599 1555 824 1607 significet
842 1563 1011 1596 statum
1025 1557 1228 1597 ecclesiae
1240 1558 1579 1609 mamsestatmn
1599 1560 1750 1612 quoad

260 1631 451 1658 amorem
470 1618 516 1658 in
537 1618 688 1667 Deum,
712 1619 776 1659 ita
796 1620 841 1660 in
866 1620 1113 1667 Dominum,
1134 1628 1313 1662 constat
1335 1636 1394 1661 ex
1417 1622 1742 1674 significatione

264 1681 450 1734 “angeli
475 1682 743 1723 effundentis
767 1684 962 1736 phialam
989 1684 1155 1731 suam‚’‘
1181 1685 1299 1738 quod
1330 1686 1389 1725 sit
1420 1693 1566 1726 status
1596 1686 1742 1727 eccle-

261 1741 354 1781 siae
375 1742 692 1783 manifestatus
714 1755 882 1792 (utsupra,
897 1764 928 1784 n.
956 1745 1056 1796 969)
1077 1759 1087 1794 ;
1118 1752 1164 1786 et
1189 1759 1248 1785 ex
1274 1745 1605 1799 significatione
1629 1752 1743 1788 “so-

261 1803 357 1851 lis‚”
372 1805 494 1857 quod
518 1805 577 1845 sit
602 1819 730 1846 amor
753 1807 797 1846 in
823 1807 987 1854 Deum,
1013 1809 1076 1847 ita
1098 1808 1142 1847 in
1168 1798 1414 1848 Dominum
1437 1820 1492 1856 (de
1511 1829 1576 1857 qua
1589 1830 1695 1858 supra,
1710 1831 1743 1853 n.

257 1877 675 1918 401‚412[b],422[a].
694 1878 785 1921 525,
804 1879 894 1921 527,
914 1871 1039 1921 708):
1066 1871 1187 1924 quod
1207 1876 1233 1891 ‘¹
1253 1871 1321 1911 sol
1334 1871 1355 1885 ‘’
1372 1872 1597 1924 significet
1614 1888 1741 1916 amo·

260 1944 355 1972 rem
386 1932 430 1971 in
462 1932 622 1978 Deum.
650 1934 713 1973 ita
742 1934 785 1973 in
818 1934 1075 1981 Dominum,
1105 1941 1174 1975 est
1206 1936 1309 1988 quia
1340 1935 1559 1976 Dominus
1590 1931 1751 1979 coram¹

259 1993 431 2045 angelis
452 1994 495 2034 in
522 1994 656 2035 caelis
677 2002 862 2047 apparet
889 2002 937 2036 ut
961 1995 1052 2043 Sol,
1072 2004 1117 2036 et
1140 1999 1403 2049 apparentia
1425 1998 1569 2050 Ipsius
1591 2006 1639 2040 ut
1662 2000 1740 2041 Sol

260 2062 330 2096 est
355 2070 414 2096 ex
446 2056 610 2097 Divino
635 2057 831 2108 Amore;
864 2059 1009 2098 omnis
1039 2060 1158 2099 enirn
1189 2073 1315 2100 amor
1340 2061 1383 2100 in
1416 2062 1584 2102 mundo
1614 2064 1740 2115 spiri·

260 2118 370 2158 tuali
395 2121 715 2173 correspondet
746 2122 837 2174 igni
867 2129 915 2162 et
946 2121 1165 2169 flammae,
1193 2130 1239 2163 et
1271 2125 1372 2176 quia
1403 2126 1739 2177 correspondet,

260 2181 396 2221 etiam
422 2182 592 2222 sistitur
613 2185 996 2235 repraesentativa
1020 2198 1098 2237 per
1122 2186 1273 2237 ignem
1306 2193 1351 2226 et
1383 2200 1461 2239 per
1486 2187 1710 2228 flammam
1730 2204 1739 2234 ς

261 2256 396 2296 quare
428 2243 615 2284 Divinus
641 2244 786 2286 Amor
812 2245 992 2286 Domini
1023 2254 1211 2299 apparet
1242 2249 1355 2289 sicut
1387 2248 1490 2289 Sol:
1524 2250 1627 2290 inde
1653 2259 1737 2295 est,

260 2305 379 2358 quod
412 2305 548 2346 “sol'’
578 2307 622 2346 in
654 2306 808 2350 Verbo
834 2308 1055 2361 significet
1089 2309 1331 2350 Dominum
1363 2312 1509 2363 quoad
1541 2325 1739 2353 amorem

259 2380 368 2420 erga
404 2381 560 2408 omnes
595 2370 668 2422 qui
699 2370 742 2409 in
774 2370 902 2411 caelo
933 2377 979 2411 et
1010 2372 1054 2411 in
1086 2373 1254 2412 mundo
1294 2381 1411 2418 sunt.
1440 2381 1485 2413 et
1524 2375 1566 2414 in
1609 2388 1741 2415 sensu

260 2430 489 2482 reciproco
510 2444 710 2471 amorem
733 2432 776 2471 in
799 2432 1055 2473 Dominum.
1108 2434 1189 2474 Per
1210 2448 1407 2474 amorem
1431 2436 1473 2475 in
1498 2436 1740 2477 Dominum

260 2491 534 2544 significatur
564 2506 689 2534 amor
714 2508 791 2534 seu
822 2493 997 2536 affectio
1028 2496 1217 2536 faciendi
1251 2498 1464 2537 mandata
1491 2498 1648 2550 Ipsius,
1677 2501 1740 2540 ita

258 2566 383 2594 amor
399 2555 680 2596 custodiendi
698 2564 939 2609 praecepta
960 2558 1165 2610 decalogi
1184 2573 1192 2606 ;
1220 2566 1436 2611 quantum
1459 2562 1576 2600 enim
1603 2562 1739 2602 homo

258 2629 318 2655 ex
350 2629 501 2656 amore
526 2631 604 2658 seu
634 2631 693 2658 ex
730 2617 963 2659 affectione
999 2619 1075 2659 illa
1111 2621 1307 2660 custodit
1341 2628 1385 2660 et
1415 2621 1533 2669 facit,
1561 2629 1738 2664 tantum

259 2684 381 2724 amat
414 2677 682 2731 Dominum;
723 2693 856 2722 causa
887 2689 970 2729 est,
999 2682 1099 2735 quia
1129 2682 1204 2722 illa
1235 2689 1338 2723 sunt
1371 2683 1590 2726 Dominus
1621 2688 1738 2738 apud

259 2740 500 2782 hominem.
