1962 3328
249 255 360 302 2496
662 259 995 292 APOCALYPSIS
1027 260 1328 292 EXPLICATA.

317 373 338 391 tt
340 372 432 392 maha

255 370 296 395 (c
282 371 469 439 nNotuiii
499 410 559 439 est
588 404 695 449 quod
726 404 1013 449 purificandum
1043 404 1094 439 sit
1125 404 1288 439 interius
1317 403 1501 445 hominis,
1527 410 1741 451 antequam

248 452 406 491 bonum,
426 451 533 497 quod
552 450 656 491 facit,
675 451 726 486 sit
744 452 912 492 bonum;
938 451 1035 485 dicit
1053 451 1157 486 enim
1180 451 1385 492 Dominus,

309 531 505 561 “Pharisaee
526 540 630 565 caece,
645 540 747 568 purga
768 531 855 568 prius
876 531 1005 560 interius
1026 531 1132 569 poculi
1155 536 1185 560 et
1206 531 1342 568 patinae,
1359 535 1394 560 ut
1415 531 1469 560 fiat
1491 531 1585 560 etiam
1607 531 1744 561 exterius

409 571 592 601 mundum''
612 555 742 610 (iwattlz.
760 570 880 601 [¹]xxiii.
898 572 961 609 26).

250 649 419 684 Interius
437 648 609 684 hominis
627 659 706 683 non
726 648 839 683 aliter
856 648 1086 693 purificatur
1102 659 1221 694 quam
1243 655 1287 683 ut
1306 648 1470 683 desistat
1496 659 1520 683 a
1545 648 1658 683 malis
1683 659 1744 684 se-

247 697 422 731 cundum
449 702 658 741 praecepta
684 695 883 741 decalogi;
918 695 984 730 illa
1010 695 1121 735 mala,
1149 695 1338 740 quamdiu
1365 706 1445 730 non
1472 695 1669 730 destiterit
1694 696 1743 730 ab

250 743 334 783 illis,
354 753 399 777 ac
417 742 542 788 fugiat
561 749 600 777 et
618 749 820 776 aversetur
838 742 903 776 illa
927 742 1030 776 sicut
1048 749 1219 787 peccata,
1239 742 1388 776 faciunt
1407 742 1570 777 interius
1589 742 1684 796 ejus,
1704 749 1743 777 et

248 797 340 825 sunt
358 789 460 825 sicut
473 790 604 824 velum
623 795 692 823 aut
708 795 868 834 tegmen
888 788 1185 842 interpositum;
1211 799 1256 823 ac
1275 795 1437 834 apparet
1456 789 1494 823 in
1513 789 1624 824 caelo
1641 789 1743 824 sicut

247 836 414 882 eclipsis,
434 847 511 881 qua
529 837 763 870 obscuratur
780 836 849 875 sol,
869 846 914 870 ac
933 835 1180 880 intercipitur
1197 836 1282 876 lux;
1313 842 1352 870 et
1364 847 1530 889 'quoque
1555 842 1615 871 est
1641 836 1743 871 sicut

244 883 337 918 *fons
363 883 568 917 bituminis
594 889 662 917 aut
689 882 823 927 nigrae
850 893 985 927 aquae,
1012 893 1060 916 ex
1086 893 1166 927 quo
1193 893 1271 917 non
1299 882 1373 917 nisi
1400 893 1518 928 quam
1546 882 1741 928 impurum

248 925 423 970 emanat;
450 930 556 975 quod
576 940 623 964 ex
642 940 689 963 eo
708 935 876 968 emanat,
891 935 930 963 et
949 939 1081 963 coram
1101 929 1250 963 mundo
1264 936 1426 974 apparet
1444 930 1604 970 bonum,
1619 940 1743 975 usque

248 988 326 1011 non
355 983 414 1011 est
439 977 599 1016 bonum,
618 976 711 1021 quia
729 982 1033 1020 conspurcatum
1053 982 1112 1010 est
1139 976 1251 1010 malis
1277 977 1325 1010 ab
1345 975 1532 1015 interiori,
1552 983 1612 1011 est
1637 976 1741 1011 enirn

248 1025 395 1058 bonurn
417 1023 686 1057 pharisaicum
705 1029 745 1057 et
763 1022 1071 1068 hypocriticum;
1098 1023 1174 1057 hoc
1194 1023 1342 1057 bonum
1361 1030 1421 1058 est
1439 1023 1586 1057 bonum
1605 1024 1654 1058 ab
1673 1023 1744 1058 ho-

249 1070 363 1110 mine,
383 1077 422 1105 et
449 1081 606 1115 quoque
624 1076 684 1104 est
709 1070 856 1104 bonum
878 1069 1143 1104 meritorium:
1173 1069 1287 1104 aliter
1304 1070 1464 1114 quando
1483 1077 1635 1105 remota
1652 1077 1744 1105 sunt

250 1118 352 1152 mala
370 1128 438 1162 per
455 1116 577 1151 vitam
596 1117 813 1151 secundum
833 1122 1042 1161 praecepta
1060 1117 1250 1162 decalogi.
1302 1116 1417 1151 Nunc
1435 1117 1528 1162 quia
1553 1117 1660 1162 prius
1686 1128 1744 1152 re-

249 1164 445 1199 movenda
462 1170 555 1198 sunt
573 1163 685 1203 mala,
704 1170 916 1208 antequam
937 1164 1042 1198 bona
1059 1163 1159 1198 fiunt
1184 1164 1298 1204 bona,
1319 1163 1409 1198 ideo
1435 1164 1604 1209 primum
1623 1163 1743 1199 Verbi

249 1211 406 1245 fuerunt
425 1211 561 1245 decem
577 1217 795 1255 praecepta,
813 1211 1062 1256 promulgata
1075 1210 1180 1245 enim
1199 1217 1292 1245 sunt
1310 1222 1330 1245 e
1351 1211 1489 1245 Monte
1508 1210 1616 1245 Sinai
1634 1218 1745 1246 ante-

248 1269 365 1303 qaum
380 1257 569 1302 scriptum
585 1263 645 1291 est
659 1257 835 1291 Verbum'
853 1268 875 1291 a
894 1257 1006 1291 Mose
1025 1264 1065 1291 et
1087 1257 1316 1302 Prophetis;
1342 1264 1382 1292 et
1401 1258 1438 1291 in
1459 1258 1534 1292 illis
1553 1269 1632 1292 non
1651 1269 1745 1293 con-

247 1305 424 1339 tinentur
437 1305 542 1338 bona
555 1315 655 1349 quae
670 1304 860 1343 facienda,
875 1304 944 1338 sed
965 1304 1067 1338 mala
1081 1315 1181 1349 quae
1198 1304 1405 1350 fugienda:
1432 1305 1522 1339 ideo
1540 1305 1659 1339 etiam
1680 1305 1745 1340 illa

249 1357 457 1396 praecepta
486 1351 655 1396 primum
688 1351 726 1384 in
757 1350 932 1386 ecclesiis
959 1351 1161 1390 docentur,
1189 1352 1383 1386 docentur
1408 1352 1512 1386 enirn
1544 1352 1674 1397 pueris
1705 1359 1745 1386 et

248 1398 398 1443 puellis,
418 1404 462 1432 ut
480 1409 622 1443 nempe
642 1398 764 1432 homo
782 1398 830 1432 ab
850 1397 925 1432 illis
942 1398 1063 1432 vitam
1083 1409 1193 1432 suam
1214 1397 1479 1433 Christianam
1499 1398 1677 1439 incohet,
1704 1405 1745 1433 et

248 1455 495 1490 nequaquam
526 1451 570 1479 ut
601 1444 756 1479 illorum
787 1444 1052 1483 obliviscatur,
1084 1445 1178 1479 dum
1212 1445 1414 1485 adolescit,
1446 1451 1490 1479 ut
1523 1452 1657 1480 tamen
1688 1445 1744 1481 fit.

249 1491 401 1527 Similia
419 1492 693 1537 intelliguntur
711 1502 780 1536 per
798 1491 896 1526 haec
914 1492 1019 1536 apud
1037 1492 1210 1532 Esaiam,

305 1574 323 1586 ‘¹
340 1572 426 1609 Quid
443 1571 523 1600 Mihi
539 1571 710 1600 multitudo
726 1571 950 1600 sacrificiorum
959 1570 994 1600 ?''
1020 1594 1027 1600 .
1041 1594 1048 1600 .
1061 1594 1067 1599 .
1082 1595 1087 1600 .
1101 1572 1265 1600 Mincham
1281 1575 1426 1606 vestram,
1442 1571 1581 1601 suffitum
1596 1576 1745 1607 vestrum,

409 1635 416 1642 .
429 1635 435 1642 .
451 1635 457 1641 .
472 1615 499 1642 .“
513 1612 678 1640 novilunia
698 1617 811 1646 vestra,
830 1616 861 1640 et
883 1612 961 1640 festa
982 1616 1063 1640 stata
1076 1617 1188 1646 vestra,
1211 1613 1279 1640 odit
1300 1613 1406 1641 anima
1426 1621 1515 1641 mea:
1530 1636 1536 1641 .
1551 1635 1557 1641 .
1571 1635 1578 1642 .
1591 1635 1597 1642 .
1611 1613 1703 1641 etiam
1720 1613 1745 1641 si

408 1653 690 1689 multiplicaveritis
713 1652 900 1686 orationem,
922 1660 987 1680 non
1011 1652 1080 1689 Ego
1102 1653 1244 1681 audiens
1276 1675 1283 1682 .
1299 1675 1304 1681 .
1320 1675 1326 1682 .
1339 1675 1345 1682 .
1361 1653 1480 1681 Lavate
1501 1661 1567 1686 vos,
1582 1653 1746 1690 purificate

408 1701 474 1726 vos,
498 1697 657 1721 removete
682 1692 834 1720 malitiam
862 1701 994 1729 operum
1022 1697 1197 1720 vestrorum
1218 1701 1241 1721 a
1265 1701 1371 1721 coram
1394 1693 1493 1721 oeulis
1517 1694 1604 1727 meis,
1627 1698 1746 1722 cessate

408 1733 527 1761 malurn
550 1733 670 1762 facere:
686 1755 692 1762 .
712 1755 718 1762 .
733 1755 740 1762 .
756 1755 762 1762 .
775 1737 850 1761 tunc
869 1733 892 1760 si
916 1732 1029 1760 fuerint
1051 1737 1180 1769 peecata
1196 1737 1297 1762 vestra
1318 1733 1398 1762 sicut
1419 1733 1576 1767 coccinea,
1592 1733 1672 1762 sieut
1693 1734 1746 1762 nix

408 1773 575 1807 albescent,
591 1774 616 1801 si
631 1773 726 1802 rubra
739 1773 853 1801 suerint
867 1773 946 1802 sicut
960 1782 1110 1810 purpura,
1125 1773 1204 1801 sicut
1219 1773 1291 1801 lana
1305 1777 1396 1802 erunt
1407 1773 1423 1782 ''
1442 1773 1475 1811 (i.
1494 1774 1623 1812 11-19):

247 1866 316 1900 per
331 1859 349 1872 ‘¹
361 1853 590 1893 sacrificia,”
606 1859 626 1871 “
637 1854 873 1894 mincham‚''
889 1853 1129 1893 “suffitum,''
1145 1859 1164 1872 “
1176 1854 1378 1889 novilunia
1391 1854 1411 1866 ’'
1428 1860 1468 1889 et
1483 1853 1646 1895 “festa‚”
1659 1861 1744 1890 tum

248 1913 317 1947 per
335 1906 353 1919 “
365 1901 624 1940 orationem,''
640 1901 915 1947 intelliguntur
931 1901 1066 1935 omnia
1083 1901 1231 1942 cultus;
1257 1901 1363 1946 quod
1384 1901 1449 1936 illa
1466 1913 1625 1947 prorsus
1643 1902 1746 1937 mala

247 1949 336 1988 sint,
356 1949 478 1983 immo
496 1947 791 1987 abominabilia,
807 1948 880 1982 nisi
901 1948 1064 1982 interius
1082 1948 1331 1993 purificatum
1350 1948 1401 1983 sit
1419 1959 1442 1983 a
1459 1949 1582 1989 malis,
1603 1949 1745 1984 intelli-

247 1996 353 2041 gitur
379 2006 447 2040 per
465 2000 485 2012 “
498 1995 642 2029 Lavate
663 2006 745 2034 vos,
761 1994 965 2040 purificate
982 2006 1064 2034 vos,
1084 2001 1284 2030 removete
1303 1995 1492 2030 malitiam
1511 1998 1686 2041 operum,
1705 2002 1745 2031 et

248 2049 398 2077 cessate
414 2042 559 2076 malum
575 2042 702 2076 facere
715 2042 746 2076 :''
772 2042 879 2087 quod
899 2048 1037 2087 postea
1054 2042 1159 2076 bona
1176 2042 1255 2076 sint
1268 2042 1412 2082 omnia,
1428 2042 1659 2089 intelligitur
1677 2053 1746 2088 per

247 2089 454 2135 sequentia
472 2090 535 2124 ibi.

328 2209 467 2252 940.
509 2199 685 2238 “dusino
706 2202 750 2238 et
770 2211 890 2238 vet-ae
914 2198 998 2238 viae
1020 2197 1351 2251 tuaest—Quod
1378 2198 1604 2251 significet
1630 2198 1749 2252 quod

249 2260 394 2300 omnia
419 2274 528 2300 vera
553 2260 664 2299 caeli
684 2266 726 2299 et
749 2259 948 2300 ecclesiae
971 2260 1063 2300 sint
1083 2259 1137 2300 ab
1163 2260 1281 2312 Ipso,
1310 2266 1494 2300 constat
1520 2274 1545 2300 a
1572 2260 1740 2313 signifi-

250 2322 429 2361 catione
455 2320 708 2369 “viarum‚’‘
730 2321 851 2373 quod
878 2321 968 2360 sint
991 2334 1098 2360 vera
1124 2331 1178 2368 (de
1194 2331 1410 2369 qua[supra],
1427 2330 1572 2372 n.97).;
1603 2335 1741 2374 quare

251 2396 350 2423 cum
383 2383 438 2423 de
472 2383 682 2430 Domino,
711 2381 1023 2434 significantur
1050 2383 1201 2422 omnia
1231 2396 1336 2422 vera
1369 2382 1482 2422 caeli
1514 2389 1561 2423 et
1593 2382 1740 2424 eccle-

251 2446 372 2495 siae;
419 2459 533 2498 quae
574 2446 709 2485 “viae
746 2445 895 2497 justae
937 2451 983 2485 et
1024 2445 1187 2486 verae''
1228 2445 1451 2494 dicuntur,
1494 2446 1596 2498 quia
1636 2460 1742 2486 vera

252 2508 434 2548 Domini
466 2514 511 2548 et
548 2522 574 2548 a
607 2508 804 2548 Domino
835 2514 940 2548 sunt
977 2522 1036 2548 ex
1074 2508 1208 2556 bono,
1243 2509 1306 2548 ita
1338 2508 1470 2556 bona,
1508 2508 1742 2560 “justum''

251 2571 368 2610 enim
398 2571 439 2610 in
468 2570 623 2610 Verbo
649 2571 812 2611 dicitur
837 2570 892 2610 de
924 2570 1058 2610 bono.
1125 2569 1260 2622 Quod
1290 2570 1460 2610 “viae”
1486 2570 1740 2623 significent

251 2646 356 2673 vera
383 2639 452 2673 est
479 2634 582 2686 quia
607 2647 713 2673 vera
745 2634 860 2674 sicut
886 2634 984 2674 viae
1010 2633 1180 2673 ducunt
1208 2633 1463 2684 hominem;
1501 2647 1638 2686 quare
1664 2649 1742 2688 per

255 2695 418 2735 ‘fvias'’
445 2695 754 2748 significantur
780 2710 886 2736 vera
912 2695 1148 2736 ducentia:
1188 2696 1307 2749 quod
1339 2696 1504 2736 “viae’'
1530 2696 1608 2737 illa
1636 2711 1741 2738 vera

253 2757 522 2810 significent,
551 2764 621 2798 est
653 2772 712 2799 ex
745 2759 913 2799 mundo
940 2758 1184 2811 spirituali;
1222 2759 1280 2798 ibi
1312 2772 1469 2799 omnes
1503 2759 1739 2800 ambulant

252 2821 347 2860 vias
370 2821 615 2860 secundum
634 2835 740 2862 vera
762 2835 841 2861 sua
862 2835 871 2872 ;
905 2822 1003 2862 viae
1025 2822 1069 2861 in
1092 2821 1169 2862 illo
1192 2822 1360 2862 mundo
1382 2835 1472 2862 non
1497 2829 1601 2863 sunt
1625 2823 1740 2864 sicut

254 2883 354 2923 viae
387 2884 429 2923 in
463 2890 620 2924 nostro
653 2885 836 2934 mundo,
865 2884 983 2938 quod
1017 2885 1105 2925 sint
1139 2884 1413 2938 explanatae
1446 2891 1492 2926 et
1524 2885 1738 2927 determi-
