1962 3328
644 261 750 293 CAP.
774 261 870 302 xv„
897 261 1036 294 VERs.
1064 261 1210 293 2.—N.
1236 263 1332 306 931.
1617 253 1727 306 2487

325 381 453 424 931.
475 381 581 420 [Vers.
594 382 641 420 2.]
663 371 741 411 “ft
755 370 833 411 vidi
841 375 1033 425 tanquam
1045 384 1162 412 mare
1180 371 1345 412 tritt-eum
1360 370 1524 411 mitium
1538 370 1730 424 ''quel'—

247 431 380 485 Quod
403 432 624 486 significet
646 433 887 474 communia
907 434 1006 474 veri
1022 434 1068 473 in
1095 433 1234 474 Verbo
1248 433 1511 486 pellucentia
1531 447 1586 473 ex
1605 433 1725 473 veris

245 495 554 547 spiritualibus
575 509 687 548 quae
703 510 759 536 ex
779 495 884 536 bono
904 496 1086 544 amoris,
1106 503 1290 536 constat
1314 510 1372 536 ex
1395 495 1725 548 significatione

248 558 419 598 “maris
450 558 620 605 vitrei‚’'
650 558 770 611 quod
805 559 896 599 sint
933 559 1189 599 communia
1222 559 1315 599 veri
1351 558 1628 612 pellucentia
1663 571 1723 598 ex

244 618 360 658 veris
382 618 689 670 spiritualibus
714 629 769 666 (de
783 638 848 666 qua
860 638 966 666 supra,
981 638 1012 658 n.
1028 628 1207 671 275[a]);
1242 625 1289 659 et
1311 633 1369 659 ex
1392 618 1724 671 significatione

247 677 444 728 “ignis,''
473 677 593 730 quod
623 678 681 718 sit
711 677 882 718 bonum
912 679 1078 718 amoris
1109 689 1165 726 (de
1178 698 1252 726 qua,
1267 698 1298 718 n,
1310 678 1488 730 68,496,
1507 677 1725 730 504916).

246 737 400 778 Paucis
426 737 496 778 hic
524 738 698 779 dicetur
724 739 841 779 unde
867 745 937 780 est
970 740 1088 793 quod
1118 743 1278 780 “mare
1303 739 1527 780 vitreum”
1553 738 1724 791 signifi-

244 806 318 840 cet
344 802 599 851 communia
623 802 716 841 veri
741 802 785 841 in
808 801 964 842 Verbo
989 802 1263 855 pellucentia
1289 816 1348 842 ex
1374 803 1489 843 veris
1515 803 1723 855 spiritua-

244 862 371 903 libus.
433 863 514 914 Per
552 864 743 904 “mare'’
779 864 1087 917 significantur
1122 879 1227 905 vera
1263 866 1307 905 in
1344 865 1584 913 communi,
1623 865 1725 918 quia

244 938 323 978 per
356 926 571 978 “aquasss’
604 926 821 967 “fontes‘'
853 933 898 967 et
933 927 1158 968 “fluvios”
1189 927 1498 980 significantur
1528 942 1634 968 vera
1664 942 1723 968 ex

244 988 401 1041 quibus
432 988 750 1041 intelligentia,
784 996 830 1030 et
859 994 1021 1030 “mare
1034 990 1052 1005 ”
1078 997 1148 1031 est
1178 991 1355 1030 illorum
1387 990 1722 1043 receptaculum

245 1063 495 1091 commune.
555 1051 678 1091 Vera
713 1052 757 1091 in
794 1053 1034 1100 communi,
1073 1066 1151 1092 seu
1187 1053 1442 1092 communia
1477 1053 1583 1101 veri,
1618 1060 1722 1093 sunt

244 1113 392 1166 qualia
417 1120 521 1154 sunt
546 1127 652 1154 vera
678 1115 722 1154 in
747 1128 881 1154 sensu
907 1114 1087 1155 litterae
1109 1115 1262 1163 Verbi,
1287 1123 1332 1156 et
1360 1129 1516 1155 sensus
1542 1115 1723 1156 litterae

244 1175 384 1216 Verbi
420 1182 490 1216 est
526 1176 756 1223 naturalis,
789 1183 835 1216 et
872 1190 1007 1217 omne
1043 1177 1249 1218 naturale
1286 1184 1355 1218 est
1387 1178 1722 1231 receptaculum

244 1252 482 1279 commune
513 1239 834 1292 spiritualium;
873 1253 976 1279 nam
1009 1253 1098 1280 non
1131 1241 1264 1281 datur
1289 1241 1454 1294 aliquid
1487 1243 1530 1281 in
1563 1249 1722 1282 natura

244 1301 397 1341 mundi
422 1315 499 1342 seu
525 1301 744 1350 naturale,
772 1303 891 1355 quod
919 1315 1007 1342 non
1035 1316 1093 1342 ex
1119 1303 1337 1355 spirituali
1364 1305 1549 1354 existit3
1588 1312 1720 1345 natu-

242 1363 335 1404 rale
360 1364 479 1404 enim
504 1364 745 1405 formatum
771 1371 841 1405 est
873 1378 932 1405 ex
959 1365 1177 1417 spirituali
1203 1366 1316 1406 sicut
1344 1365 1526 1407 effectus
1552 1381 1611 1407 ex
1643 1381 1723 1407 sua

242 1439 377 1467 causa
407 1426 646 1475 efficiente,
680 1433 726 1467 et
762 1428 864 1480 quia
900 1428 960 1467 sic
994 1427 1145 1475 millia,
1179 1441 1291 1481 quae
1323 1435 1427 1469 sunt
1459 1429 1720 1482 spiritualia,

241 1489 439 1530 efficiunt
466 1496 511 1530 et
537 1490 731 1530 formant
758 1503 893 1530 unum
919 1490 1137 1538 naturale,
1165 1489 1300 1543 quare
1329 1491 1414 1531 hoc
1441 1505 1591 1540 unum,
1618 1493 1721 1545 quia

242 1559 311 1594 est
333 1553 572 1593 continens
595 1553 747 1601 millia,
772 1559 841 1593 est
865 1566 1115 1594 commune.
1178 1553 1290 1594 Tale
1312 1568 1488 1608 quoque
1510 1562 1580 1595 est
1603 1555 1719 1595 Ver-

240 1615 345 1655 bum
372 1616 416 1656 in
442 1629 575 1656 sensu
602 1616 780 1656 litterae
806 1614 1054 1668 respefflve
1079 1616 1136 1656 ad
1163 1616 1363 1656 Verbum
1394 1618 1438 1657 in
1465 1631 1599 1658 sensu
1630 1619 1720 1670 spi-

240 1678 388 1718 rituali
405 1692 414 1728 ;
438 1684 485 1718 et
502 1679 604 1731 quia
622 1692 778 1718 sensus
797 1678 1038 1731 spiritualis
1056 1685 1126 1719 est
1143 1680 1187 1718 in
1205 1693 1338 1719 sensu
1356 1680 1549 1720 naturali
1565 1680 1718 1729 Verbi,

241 1747 288 1780 et
318 1740 394 1781 ille
424 1741 468 1780 in
500 1741 586 1781 hoc
613 1741 809 1794 pellucet
836 1754 989 1781 coram
1015 1741 1203 1794 angelis,
1232 1742 1334 1782 inde
1361 1749 1430 1783 est
1456 1743 1575 1795 quod
1603 1743 1720 1784 Ver-

241 1804 347 1843 bum
372 1804 519 1856 quoad
546 1805 800 1843 communia
822 1804 930 1844 Veri
956 1804 1229 1857 pellucentia
1255 1819 1313 1844 ex
1340 1806 1455 1845 veris
1477 1806 1718 1858 spirituali-

241 1865 336 1913 bus,
360 1865 636 1918 significetur
658 1880 736 1919 per
760 1870 919 1907 “mare
941 1866 1170 1907 vitreum.’'
1226 1866 1440 1908 Similiter
1460 1882 1539 1921 per
1560 1871 1720 1909 “mare

240 1929 431 1969 vitreum
442 1928 461 1943 ''
486 1928 592 1968 alibi
617 1930 660 1968 in
685 1929 967 1981 Apocalypsi,

316 2015 390 2048 “Et
404 2015 441 2047 in
458 2015 651 2056 conspectu
668 2017 786 2048 throni
804 2028 900 2049 mare
917 2019 1067 2050 vitreum
1085 2019 1200 2050 simile
1216 2020 1382 2060 crystallo
1395 2019 1413 2031 ’¹
1429 2019 1517 2061 (cap.
1535 2020 1580 2052 iv.
1596 2020 1650 2061 6):

240 2091 378 2131 etiam
396 2092 556 2132 civitas
575 2092 704 2133 Nova
724 2093 1056 2147 Hierosolyma,
1077 2102 1173 2136 tum
1196 2096 1350 2148 platea
1367 2097 1578 2145 civitatis,
1598 2099 1722 2139 visae

243 2161 347 2194 sunt

373 2217 498 2248 “Sicut
513 2227 636 2249 aurum
654 2228 778 2259 purum
797 2220 911 2251 simile
928 2221 1020 2251 vitro
1037 2221 1212 2260 pellucido
1224 2220 1242 2232 ''
1261 2221 1349 2262 (cap.
1367 2222 1437 2253 xxi.
1459 2222 1506 2259 18,
1526 2222 1590 2261 21),

240 2298 343 2351 quia
369 2312 447 2352 per
474 2301 744 2342 “civitatem
758 2301 776 2316 ”
802 2301 924 2342 illam
951 2302 1228 2355 significatur
1254 2302 1458 2344 doctrina
1484 2304 1718 2351 ecclesiae,

240 2367 287 2401 et
310 2375 389 2414 per
408 2361 644 2415 “plateam
657 2363 676 2378 ”
694 2378 847 2405 verum
869 2365 986 2405 illius
1008 2364 1239 2406 doftrinae
1258 2380 1266 2415 ;
1299 2373 1344 2406 et
1368 2380 1472 2406 vera
1491 2365 1721 2408 doctrinae

241 2423 372 2472 illius,
404 2426 506 2477 quia
537 2426 744 2478 genuina,
778 2441 836 2467 ex
868 2429 983 2468 veris
1015 2429 1318 2480 spiritualibus
1350 2428 1536 2469 trahunt
1574 2429 1720 2470 lucem

240 2499 365 2526 suam
406 2494 452 2527 et
493 2488 595 2528 inde
636 2489 982 2541 pellucentiam;
1029 2491 1139 2531 haec
1183 2491 1456 2543 pellucentia
1495 2498 1566 2532 est
1607 2506 1721 2546 quae

241 2548 517 2600 significatur
542 2564 620 2603 per
647 2552 879 2592 “vitrum”
905 2560 951 2593 et
978 2567 1055 2605 per
1084 2553 1387 2605 “crystallum
1407 2554 1440 2593 :”

307 2636 452 2668 “Etiam
473 2648 667 2678 expansum
689 2649 795 2679 super
813 2641 987 2680 capitibus
1008 2642 1240 2672 cheruborum
1262 2642 1376 2673 visum
1397 2648 1451 2674 est
1471 2643 1560 2674 sicut
1584 2643 1721 2683 species

412 2682 567 2721 crystalli
584 2683 755 2714 mirabilis
767 2682 785 2694 ¹·
802 2684 935 2723 (Ezech.
954 2685 973 2715 i.
993 2686 1055 2723 22),

245 2760 468 2813 significat
500 2763 711 2804 Divinum
744 2766 974 2818 spirituale
1006 2767 1048 2806 in
1082 2766 1223 2807 caelo.
1284 2766 1417 2819 Quod
1450 2781 1527 2820 per
1560 2771 1720 2808 “mare

243 2823 434 2864 vitreum
447 2824 467 2840 '’
498 2826 772 2878 significetur
804 2827 1003 2868 Verbum
1036 2830 1079 2868 in
1114 2842 1246 2869 sensu
1278 2829 1458 2870 litterae
1490 2830 1721 2883 pellucens

244 2897 304 2925 ex
331 2897 462 2926 sensu
489 2888 706 2940 spirituali
738 2889 843 2942 ejus,
872 2897 1053 2932 constat
1086 2892 1223 2932 etiam
1255 2905 1314 2932 ex
1346 2906 1413 2940 eo,
1442 2892 1560 2945 quod
1587 2891 1721 2945 juxta
