1962 3328
226 258 237 266 ’
258 268 371 321 2546
673 278 1007 311 APOCALYPSIS
1040 280 1339 313 EXPLICATA.

255 390 453 426 amicitiae
479 398 519 426 et
546 391 700 427 favores
719 399 811 427 sunt
837 394 957 428 etiarn
981 393 1089 427 lucra
1114 400 1154 427 et
1174 400 1371 438 quaestus.
1424 393 1528 428 Dum
1555 394 1651 429 haec
1678 406 1750 440 pro

255 437 334 472 fine
352 435 515 477 suntfet
532 439 679 484 judicia
698 451 769 484 pro
788 440 938 479 mediis,
957 446 1053 474 tunc
1080 440 1182 476 mala
1207 447 1299 475 sunt
1318 441 1451 475 omnia
1469 452 1569 486 quae
1589 441 1747 481 faciunt,

256 491 297 518 et
317 492 409 519 sunt
435 497 536 530 quae
564 486 601 520 in
622 486 754 521 Verbo
774 487 1050 531 intelliguntur
1068 498 1138 532 per
1156 488 1289 521 “mala
1307 488 1463 532 opera‚''
1483 495 1522 522 et
1550 500 1618 532 per
1637 494 1746 523 “non

255 531 383 566 facere
401 533 592 577 judicium
619 540 659 567 et
677 533 882 578 justitiam,
904 535 1167 577 pervertendo
1184 535 1247 579 jus
1275 546 1501 579 pauperum,
1521 546 1747 580 egenorum,

255 579 508 623 pupillorum,
524 580 742 620 viduarum,
759 581 977 615 insontium
991 581 1021 614 :”
1049 581 1169 615 immo
1188 581 1307 615 etiam
1326 581 1357 616 si
1375 582 1569 626 justitiam
1588 582 1747 621 faciunt,

255 626 325 659 sed
346 626 496 660 lucrum
520 638 591 671 pro
613 626 690 661 fine
712 626 903 672 speciant,
925 628 1073 662 faciunt
1092 628 1250 672 quidem
1273 629 1420 662 bonum
1442 640 1552 673 opus,
1572 629 1640 663 sed
1668 640 1747 663 non

256 683 328 717 pro
355 673 450 713 illis;
479 685 569 708 nam
588 674 750 718 justitia,
770 685 871 719 quae
892 682 952 709 est
973 674 1126 714 Divina,
1146 682 1206 709 est
1233 675 1308 710 illis
1328 676 1512 715 medium,
1531 687 1576 710 ac
1598 676 1748 710 lucrum

231 740 236 744 -
253 720 334 754 tale
349 727 409 754 est
424 720 513 754 finis
527 732 534 760 ;
561 728 601 755 et
615 722 721 765 quod
743 732 813 766 pro
829 721 905 755 fine
924 728 994 759 est,
1010 728 1070 756 est
1084 733 1218 761 omne;
1246 723 1351 767 quod
1367 730 1498 757 autem
1519 734 1590 768 pro
1606 723 1747 762 medio.

254 774 315 801 est
334 767 431 809 nihil
452 767 525 802 nisi
544 775 736 812 quantum
757 767 919 802 inservit
939 768 1026 808 fini;
1053 770 1285 814 quare'tales
1299 769 1450 814 judices
1469 777 1560 814 post
1578 778 1747 804 mortem

254 824 379 858 aeque
399 814 589 859 injustum
609 822 743 848 amant
764 826 809 849 ac
827 816 988 860 justum,
1008 826 1052 850 ac
1074 816 1176 850 sicut
1195 815 1300 850 fures
1319 817 1556 851 damnantur
1574 816 1748 852 inferno:

254 860 332 894 hoc
353 861 401 894 ab
420 861 664 906 experientia
683 862 835 907 loquor.
889 862 941 896 Hi
969 869 1061 896 sunt
1087 863 1153 907 qui
1181 873 1260 897 non
1288 863 1489 897 abstinent
1515 875 1538 898 a
1564 864 1676 898 malis
1703 872 1747 898 ut

254 907 438 952 peccatis.
466 909 535 943 sed
567 909 688 942 modo
719 909 811 954 quia
840 909 983 943 timent
1012 920 1159 954 poenas
1189 910 1288 955 legis
1316 910 1452 950 civilis,
1481 907 1526 945 a'c
1554 910 1746 956 jacturam

253 953 392 993 famae,
413 955 585 995 honoris,
606 954 830 994 iunftionis,
851 963 890 990 et
912 956 968 991 sic
987 956 1095 991 lucri.
1148 957 1277 991 Aliter
1294 968 1389 992 vero
1406 958 1558 1002 judices
1575 958 1641 1003 qui
1660 959 1747 993 abs-

253 1001 384 1035 tinent
411 1013 434 1036 a
461 1003 574 1036 malis
601 1009 644 1036 ut
671 1003 853 1047 peccatis,
881 1014 926 1037 ac
953 1003 1110 1048 fugiunt
1141 1003 1207 1038 illa
1237 1004 1330 1048 quia
1359 1011 1451 1038 sunt
1477 1012 1616 1039 contra
1642 1005 1748 1050 leges

255 1047 431 1088 Divinas,
451 1056 491 1083 et
518 1049 574 1083 sic
592 1057 732 1084 contra
752 1049 897 1087 Deum:
930 1051 969 1084 hi
987 1051 1181 1095 justitiam
1202 1062 1273 1096 pro
1299 1051 1376 1085 fine
1396 1051 1553 1091 habent,
1573 1058 1614 1086 et
1641 1052 1746 1086 illam

253 1095 355 1129 sicut
377 1095 561 1130 Divinam
581 1104 829 1135 venerantur,
849 1098 987 1132 colunt
1013 1105 1052 1132 et
1078 1105 1234 1137 amant;
1266 1098 1305 1132 hi
1325 1098 1462 1132 vident
1480 1099 1591 1144 quasi
1620 1098 1745 1133 Deum

255 1141 294 1176 in
320 1143 485 1187 justitia,
505 1143 598 1188 quia
623 1155 742 1178 omne
766 1145 929 1189 justum,
957 1145 1058 1179 sicut
1085 1155 1203 1180 omne
1230 1146 1377 1179 bonum
1405 1152 1445 1180 et
1471 1157 1615 1186 verum.
1640 1153 1700 1180 est
1725 1157 1748 1180 a

254 1188 362 1224 Deo:
392 1190 642 1236 conjungunt
668 1200 824 1236 semper
849 1192 997 1236 justum
1025 1203 1163 1237 aequo,
1189 1199 1228 1226 et
1254 1203 1422 1237 aequum
1441 1193 1559 1237 justo,
1579 1193 1748 1227 scientes

253 1237 361 1281 quod
387 1237 537 1282 justum
565 1238 638 1272 erit
664 1238 777 1283 aequi
805 1246 848 1272 ut
877 1239 928 1273 sit
953 1239 1116 1284 justum,
1143 1246 1182 1274 et
1207 1250 1376 1284 aequum
1404 1240 1478 1274 erit
1503 1240 1597 1285 justi
1626 1247 1669 1273 ut
1695 1240 1747 1274 sit

253 1294 435 1328 aequum,
457 1284 639 1319 similiter
657 1292 701 1319 ut
719 1296 855 1320 verum
879 1292 938 1320 est
961 1286 1052 1320 boni
1080 1297 1125 1320 ac
1152 1287 1299 1320 bonum
1327 1293 1387 1321 est
1404 1287 1497 1321 veri.
1549 1286 1747 1333 Quoniam

251 1331 448 1377 justitiam
476 1343 547 1376 pro
574 1331 651 1366 fine
679 1332 838 1371 habent,
864 1333 954 1367 inde
982 1333 1058 1367 illis
1085 1333 1211 1368 facere
1232 1333 1379 1378 judicia
1404 1341 1464 1368 est
1492 1333 1618 1368 facere
1644 1334 1749 1368 bona

253 1389 396 1422 opera;
427 1379 496 1413 sed
523 1389 644 1424 opera
670 1379 776 1418 haec,
804 1390 904 1424 quae
931 1387 1024 1414 sunt
1049 1380 1206 1425 judicia,
1235 1392 1305 1425 pro
1337 1380 1412 1415 illis
1440 1388 1532 1415 sunt
1559 1381 1682 1426 magis
1708 1388 1748 1415 et

254 1425 384 1460 minus
402 1426 516 1466 bona,
537 1426 638 1460 sicut
655 1426 812 1471 judiciis
832 1427 957 1472 magis
983 1434 1050 1461 aut
1077 1427 1206 1461 minus
1234 1428 1368 1462 insunt
1395 1427 1595 1472 respectus
1614 1428 1748 1462 amici-

252 1474 343 1511 tiae,
363 1472 510 1507 favoris
529 1480 569 1507 et
596 1473 703 1512 lucri,
722 1480 807 1508 tum
835 1474 936 1508 sicut
965 1474 1088 1519 magis
1107 1481 1147 1508 et
1174 1475 1303 1509 minus
1322 1475 1377 1509 eis
1405 1475 1506 1509 inest
1525 1485 1636 1509 amor
1652 1475 1746 1519 justi

253 1530 326 1564 pro
345 1520 452 1554 bono
471 1520 639 1565 publico,
655 1521 762 1566 quod
778 1527 848 1559 est,
866 1528 908 1555 ut
926 1521 1080 1566 justitia
1095 1528 1232 1567 regnet
1247 1522 1351 1566 apud
1364 1521 1558 1560 concives,
1574 1532 1618 1556 ac
1637 1532 1748 1556 secu-

253 1566 348 1601 ri'tas
379 1566 430 1601 sit
458 1566 533 1602 illis
563 1568 630 1613 qui
661 1568 879 1602 secundum
912 1568 1018 1613 leges
1048 1568 1199 1603 vivunt.
1253 1568 1327 1603 His
1356 1568 1553 1614 judicibus
1579 1575 1640 1603 est
1666 1568 1749 1603 vita

252 1621 415 1658 aeterna
430 1614 467 1648 in
482 1615 605 1659 gradu
622 1615 839 1649 secundum
855 1626 996 1660 opera;
1023 1626 1113 1650 nam
1134 1615 1187 1649 illi
1207 1615 1388 1650 similiter
1405 1615 1633 1661 judicantur
1646 1615 1748 1650 sicut

253 1660 328 1705 ipsi
345 1661 634 1706 judicaverunt.
1674 1685 1679 1688 ·

332 1783 459 1827 977.
487 1773 634 1827 “Drym'
656 1774 759 1814 em'm
785 1773 1119 1826 sunt.''—Quod
1145 1774 1371 1827 significet
1397 1774 1517 1827 quod
1525 1774 1621 1827 fiat
1649 1775 1744 1815 illis

251 1835 563 1886 sz'cutsacz'unt,
590 1842 771 1876 constat
796 1850 854 1876 ex
878 1836 1206 1888 significatione
1233 1836 1396 1888 “digni
1424 1836 1562 1884 esse,''
1585 1850 1747 1890 nempe

252 1904 301 1938 ut
339 1899 382 1938 in
419 1898 538 1938 falsis
576 1899 680 1938 mali
721 1900 823 1945 sint,
859 1900 961 1952 quia
994 1898 1339 1939 falsificaverunt
1377 1912 1482 1939 vera
1520 1898 1659 1946 Verbi
1699 1906 1745 1939 et

252 1959 497 2010 doctrinae,
540 1975 652 2014 quae
694 1961 1003 2014 significantur
1049 1975 1127 2014 per
1167 1962 1286 2014 quod
1330 1961 1453 2001 “illis
1494 1961 1648 2001 datum
1690 1962 1746 2002 sit

251 2024 404 2064 bibere
431 2025 696 2076 sanguinem
724 2023 982 2064 sanctorum
1015 2031 1060 2064 et
1089 2025 1408 2076 prophetarum
1439 2023 1610 2077 [quem]
1639 2024 1746 2064 effu-

251 2087 454 2135 derunt,’'
481 2095 810 2140 consequenter
845 2094 890 2127 ut
924 2087 1000 2127 fiat
1033 2087 1118 2127 illis
1145 2089 1258 2127 sicut
1286 2088 1512 2137 fecerunt;
1551 2101 1654 2127 nam
1687 2101 1745 2127 ex

251 2150 407 2190 ordine
434 2156 502 2190 est
530 2157 577 2190 ut
605 2163 741 2202 opera
765 2164 843 2189 sua
866 2151 1207 2202 unumquemvis
1230 2157 1487 2203 sequantur,
1513 2157 1559 2190 et
1586 2163 1745 2190 unum-

251 2213 454 2266 quemvis
476 2212 704 2265 judicent;
745 2213 847 2253 inde
875 2213 923 2253 fit
956 2214 1092 2253 cuivis
1120 2214 1233 2253 sicut
1260 2213 1450 2253 fecerat:
1484 2213 1569 2253 hoc
1596 2214 1746 2267 itaque

250 2275 520 2328 intelligitur
545 2276 614 2316 hic
642 2289 719 2328 per
744 2276 970 2328 “dignum
997 2275 1134 2324 esse,”
1160 2290 1237 2316 seu
1264 2275 1355 2316 tale
1383 2276 1608 2316 meruisse.

222 2354 225 2359 ³
250 2368 431 2393 (continuatio
442 2367 472 2388 de
483 2367 580 2394 Quinta
591 2368 746 2393 Praecepto.)

280 2399 286 2403 ⁴
323 2405 411 2440 Sint
435 2416 506 2450 pro
532 2405 713 2450 exemplo
733 2405 1088 2440 Administratores
1109 2406 1303 2439 bonorum
1330 2405 1507 2444 aliorum,
1526 2404 1747 2450 superiores

250 2458 291 2487 et
318 2451 522 2487 inferiores
535 2452 647 2487 z—Hi
678 2452 710 2486 si
739 2463 832 2487 suos
859 2462 980 2497 reges,
1008 2463 1118 2486 suam
1146 2452 1324 2497 patriam,
1351 2458 1419 2486 aut
1444 2463 1536 2486 suos
1562 2452 1747 2487 dominos

250 2499 460 2544 deprivant
477 2499 592 2534 bonis
610 2499 671 2534 vel
690 2498 934 2533 clandestine
953 2509 1022 2543 per
1038 2505 1152 2537 artes,
1171 2499 1232 2533 vel
1251 2500 1324 2533 sub
1342 2498 1471 2543 specie
1491 2509 1559 2543 per
1576 2498 1744 2538 fraudes.

251 2554 344 2580 sunt
374 2545 519 2580 nullius
547 2546 746 2591 religionis
778 2551 818 2580 et
850 2545 940 2580 inde
967 2546 1111 2580 nullius
1137 2545 1414 2584 conscientiae,
1441 2556 1532 2579 nam
1560 2545 1744 2580 Divinam

250 2593 378 2638 legem
397 2593 446 2627 de
465 2592 570 2627 furto
584 2593 833 2637 vilipendunt
847 2599 887 2626 et
906 2592 1017 2626 nihili
1036 2592 1196 2626 faciunt.
1250 2592 1302 2626 Hi
1321 2592 1478 2627 tametsi
1494 2592 1746 2637 frequentant

249 2639 408 2684 templa,
429 2640 562 2674 devoti
582 2646 674 2674 sunt
700 2639 738 2673 in
765 2639 1034 2674 auscultandis
1053 2639 1422 2684 praedicationibus,
1441 2639 1590 2673 obeunt
1609 2638 1746 2673 Sacra-

251 2684 429 2720 mentum
449 2685 591 2726 Cenae,
611 2692 725 2721 orant
752 2697 866 2720 mane
892 2692 931 2720 et
952 2697 1124 2731 vespere,
1143 2692 1183 2720 et
1209 2686 1424 2730 loquuntur
1445 2685 1508 2730 pie
1534 2697 1581 2720 ex
1600 2685 1744 2725 Verbo,

211 2753 214 2758 ·
250 2744 375 2778 usque
393 2740 526 2767 tamen
546 2733 643 2767 nihil
669 2744 690 2767 e
716 2733 826 2767 caelo
846 2732 984 2772 influit,
1003 2740 1043 2767 et
1069 2733 1171 2767 inest
1191 2733 1325 2772 cultui,
1344 2732 1492 2777 pietati,
1512 2740 1551 2767 et
1572 2733 1744 2767 sermoni

250 2783 398 2819 eorum,
418 2780 510 2825 quia
529 2780 715 2814 interiora
732 2791 868 2814 eorum
887 2786 979 2814 sunt
1005 2780 1120 2824 plena
1139 2779 1261 2818 furtis,
1282 2779 1438 2824 rapinis,
1458 2779 1686 2819 latrociniis,
1704 2786 1745 2814 et

252 2826 465 2872 injustitia:
496 2833 535 2861 et
562 2826 750 2872 quamdiu
777 2827 874 2861 haec
901 2827 1045 2866 insunt,
1064 2826 1128 2860 via
1154 2826 1191 2860 in
1220 2826 1307 2860 illos
1333 2837 1353 2860 e
1379 2826 1489 2860 caelo
1507 2826 1637 2860 clausa
1665 2833 1745 2860 est:

251 2873 343 2908 inde
360 2884 479 2919 opera
497 2884 598 2918 quae
616 2873 765 2908 faciunt
786 2881 878 2908 sunt
904 2873 1038 2908 omnia
1055 2873 1167 2907 maia.
1219 2873 1274 2907 At
1290 2883 1385 2907 vero
1403 2873 1742 2907 administratores

250 2921 445 2959 bonorum
464 2920 530 2966 qui
557 2920 712 2966 fugiunt
739 2920 976 2955 lucrationes
995 2919 1228 2966 illegitimas,
1247 2930 1292 2954 ac
1314 2926 1500 2965 quaestus
1519 2919 1743 2954 fraudulen-
