1962 3328
572 263 679 295 CAP.
701 262 818 303 XVI„
839 262 979 294 VERs.
1005 261 1175 306 13.—x.
1202 263 1322 294 1000.
1513 274 1517 275 ν
1579 261 1688 304 2573

158 398 161 399 ν
205 373 536 428 significatione
561 374 847 423 “ranarum,”
866 374 986 428 quod
1014 365 1110 414 sint
1125 373 1498 414 ratiocinationes
1523 387 1583 414 ex
1606 372 1691 413 fal-

204 438 293 487 sis;
325 438 444 491 quod
470 437 582 478 haec
605 451 684 490 per
702 441 873 477 “ranas
885 437 904 451 ’²
922 436 1245 489 significentur,
1265 444 1335 476 est
1358 449 1448 476 non
1470 436 1608 476 modo
1628 449 1689 476 ex

203 501 479 540 coaxatione
514 500 690 540 illarum
726 500 806 540 sed
843 500 981 540 etiam
1022 513 1082 539 ex
1118 499 1477 539 commoratione
1513 497 1690 538 illarum

204 561 250 602 in
267 563 444 615 stagnis
465 562 742 616 paludinosis
760 568 807 602 et
829 562 1107 615 putentibus,
1126 575 1205 614 per
1221 574 1336 614 quae
1358 561 1496 601 etiam
1518 559 1689 613 signifi-

203 630 364 664 cantur
398 624 511 664 salsa
545 624 796 673 infernalia;
843 637 947 664 nam
988 625 1062 677 qui
1098 624 1427 664 ratiocinantur
1466 637 1525 663 ex
1566 622 1690 663 falsis

202 693 363 727 contra
384 687 550 727 Divina
569 701 689 734 vera,
708 687 772 727 illi
797 693 1136 727 commorantur
1156 688 1199 726 in
1226 686 1407 727 infernis
1433 700 1547 739 quae
1573 686 1689 726 sicut

201 748 389 801 paludes
406 756 454 790 et
471 756 637 803 stagna
654 750 794 790 fetida
811 757 1032 803 apparent
1050 765 1059 799 ;
1090 757 1137 790 et
1159 750 1223 790 illi
1244 750 1317 802 qui
1340 750 1413 796 ibi,
1432 749 1539 789 dum
1557 762 1688 802 spec-

200 817 357 852 tantur
385 813 430 852 in
462 812 561 853 luce
592 813 719 861 caeli,
753 813 921 853 similes
951 820 1056 853 sunt
1087 814 1221 860 ranis,
1254 813 1436 866 quidam
1472 813 1516 852 in
1547 812 1691 852 forma

201 874 382 926 majore,
410 876 590 928 quidam
622 877 666 916 in
696 877 881 924 minore,
909 877 1155 916 secundum
1187 875 1434 916 elationem
1460 876 1597 916 animi
1627 890 1687 916 ex

200 937 547 979 ratiocinatione
573 940 761 979 acutiori
787 946 834 979 et
866 940 1097 988 crassiori;
1136 946 1241 979 sunt
1267 939 1404 979 etiam
1430 939 1689 979 immundae

201 999 347 1051 magis
382 1007 429 1040 et
466 1002 611 1042 minus
646 1002 893 1042 secundum
929 1002 1300 1042 ratiocinationes
1332 1008 1492 1041 contra
1524 1001 1689 1041 Divina

201 1074 307 1101 vera
322 1062 535 1103 interiora
551 1071 598 1104 et
617 1064 834 1116 digniora.
898 1063 1031 1116 Quod
1052 1069 1077 1083 ‘⁴
1090 1064 1258 1104 ranae”
1274 1063 1530 1116 significent
1549 1065 1687 1104 ratio-

200 1124 452 1165 cinationes
466 1140 524 1166 ex
540 1127 673 1167 meris
686 1126 808 1166 falsis
822 1134 982 1167 contra
997 1127 1161 1166 Divina
1174 1140 1294 1174 vera,
1307 1134 1518 1167 constare
1533 1133 1688 1180 potest

200 1200 261 1227 ex
293 1188 509 1230 miraculo
534 1203 741 1230 ranarum
773 1191 817 1230 in
844 1190 1091 1242 Aegypt03
1129 1204 1207 1242 per
1232 1190 1383 1229 omnia
1408 1190 1527 1230 enim
1554 1191 1687 1230 mira·

200 1249 302 1290 cula
315 1250 375 1290 ibi
386 1249 503 1292 saeta
518 1252 828 1305 significantur
842 1253 1006 1306 plagae
1020 1266 1098 1292 seu
1113 1252 1247 1300 mala,
1260 1253 1419 1305 quibus
1433 1252 1689 1293 afficiuntur

199 1311 263 1352 illi
277 1319 382 1366 post
396 1322 590 1355 mortem
601 1316 674 1368 qui
689 1329 767 1368 per
781 1315 1028 1356 scientifica
1040 1315 1257 1356 naturalis
1271 1316 1466 1356 hominis
1481 1323 1687 1368 pugnant

199 1382 360 1416 contra
377 1376 496 1416 bona
513 1384 559 1417 et
582 1392 688 1418 vera
706 1378 968 1431 spiritualia,
988 1385 1034 1418 et
1057 1378 1169 1418 haec
1189 1379 1420 1419 destruere
1437 1386 1660 1419 conantur
1676 1393 1686 1429 ;

200 1451 280 1491 per
306 1438 656 1480 “Pharaonem”
681 1442 800 1481 enim
832 1449 878 1482 et
910 1455 988 1494 per
1015 1441 1347 1494 “Aegyptios'‘
1371 1449 1686 1494 repraesenta-

200 1500 364 1542 bantur
398 1509 445 1542 et
480 1503 584 1543 inde
619 1503 991 1556 significabantur
1016 1504 1245 1544 naturales
1270 1503 1491 1551 homines
1519 1517 1571 1544 ac
1609 1517 1688 1557 per

202 1562 354 1604 “filios
388 1564 606 1613 Israelis,’'
637 1580 749 1619 quos
778 1567 1107 1607 infestaverunt
1137 1574 1183 1607 et
1221 1567 1426 1619 redigere
1457 1568 1501 1607 in
1531 1581 1687 1608 servos

198 1626 453 1675 voluerunt,
479 1630 939 1681 repraesentabantur
963 1636 1010 1669 et
1036 1630 1140 1670 inde
1162 1629 1533 1682 significabantur
1558 1631 1686 1683 spiri-

199 1689 346 1731 tuales
367 1690 600 1741 homines;
630 1692 694 1732 ita
716 1693 854 1732 etiam
881 1707 959 1746 per
986 1692 1286 1746 “Aegyptios
1297 1692 1316 1706 ’'
1338 1693 1415 1733 illa
1440 1707 1555 1746 quae
1581 1701 1685 1734 sunt

200 1753 417 1794 naturalis
452 1754 660 1802 hominis,
694 1762 741 1796 et
778 1769 856 1808 per
889 1755 1042 1796 “filios
1078 1755 1288 1796 Israelis”
1319 1756 1395 1796 illa
1431 1770 1545 1809 quae
1581 1764 1687 1798 sunt

199 1816 440 1869 spiritualis
471 1816 691 1868 hominis;
732 1818 810 1858 illa
846 1832 960 1872 quae
996 1818 1215 1858 naturalis
1251 1818 1446 1859 hominis
1483 1826 1604 1867 sunt,
1637 1834 1687 1860 se

198 1877 396 1919 referunt
426 1879 484 1919 ad
515 1880 636 1920 mala
666 1887 713 1921 et
745 1880 870 1928 falsa,
903 1895 955 1922 ac
993 1881 1114 1921 mala
1149 1882 1205 1921 ad
1238 1895 1455 1930 amorem,
1488 1889 1534 1922 et
1571 1882 1686 1923 salsa

200 1941 259 1981 ad
289 1939 541 1982 doctrinam
572 1942 693 1995 ejus;
731 1951 778 1984 et
810 1944 887 1984 illa
917 1957 1032 1997 quae
1063 1944 1307 1997 spiritualis
1338 1945 1532 1985 hominis
1562 1953 1684 1992 sunt.

199 2017 249 2044 se
285 2004 483 2045 referunt
519 2006 577 2045 ad
612 2006 733 2046 bona
769 2021 882 2060 quae
915 2008 1082 2047 amoris
1118 2014 1238 2052 sunt,
1271 2014 1318 2048 et
1358 2008 1416 2048 ad
1441 2022 1547 2048 vera
1572 2022 1687 2062 quae

201 2065 435 2108 doetrinae
466 2067 571 2120 ejus.
632 2068 765 2121 Quod
797 2083 875 2122 per
902 2074 1073 2110 “ranas
1084 2069 1104 2084 ”
1130 2070 1189 2110 ibi
1214 2070 1523 2123 significentur
1547 2072 1686 2112 ratio-

199 2130 317 2170 cinia
354 2130 572 2171 naturalis
609 2131 804 2172 hominis
841 2147 900 2172 ex
940 2132 1063 2172 salsis
1104 2140 1265 2173 contra
1302 2147 1407 2174 vera
1444 2134 1686 2187 spiritualis

201 2190 412 2242 hominis,
445 2199 574 2246 patet
614 2208 641 2234 a
680 2194 984 2248 descriptione
1025 2195 1226 2236 miraculi
1266 2197 1394 2237 istius
1434 2197 1552 2250 apud
1585 2197 1685 2237 ,Mo-

199 2268 290 2303 sen,

265 2343 370 2386 Quod
386 2354 574 2386 prorepere
587 2346 709 2377 fecerit
719 2346 846 2378 fluvius
859 2357 974 2384 ranas,
985 2354 1020 2378 et
1032 2348 1256 2379 ascenderint
1269 2355 1303 2379 et
1316 2349 1479 2380 venerint
1493 2350 1527 2380 in
1540 2349 1686 2380 domum

374 2388 581 2426 Pharaonis,
600 2396 635 2420 et
659 2390 695 2420 in
715 2391 885 2421 conclave
904 2391 1028 2422 cubilis
1047 2391 1135 2430 ejus,
1155 2398 1191 2422 et
1209 2402 1316 2431 super
1334 2391 1464 2423 lec‘ium
1484 2393 1573 2432 ejus,
1590 2400 1626 2424 et
1649 2394 1686 2424 in

373 2432 518 2463 domum
538 2442 720 2464 servorum
746 2434 833 2474 ejus,
853 2441 888 2464 et
912 2435 1032 2474 populi
1052 2435 1140 2474 ejus,
1161 2442 1195 2466 et
1219 2436 1255 2465 in
1280 2436 1439 2466 clibanos
1463 2443 1498 2467 et
1522 2435 1686 2468 madh-as.

375 2474 419 2506 Et
442 2476 535 2516 quod
559 2484 745 2517 postquam
766 2484 926 2508 mortuae
949 2485 1042 2515 sunt,
1062 2486 1300 2518 congregatae
1319 2480 1390 2509 sint
1413 2480 1448 2509 in
1472 2489 1630 2517 acervos,
1650 2487 1687 2512 et

374 2519 468 2559 quod
488 2520 643 2559 putuerit
661 2526 755 2551 terra
770 2520 892 2559 (Exod.
910 2521 967 2552 vii.
985 2529 1111 2561 27—29;
1136 2531 1209 2561 cap.
1227 2522 1297 2553 viii.
1318 2530 1402 2552 1—10
1418 2521 1477 2564 [B.
1490 2524 1535 2554 Α.
1552 2521 1685 2566 1-14]):

147 2656 149 2659 ,
201 2611 322 2664 quod
356 2615 529 2653 “ranae
545 2612 564 2627 ”
589 2612 661 2653 hic
694 2613 951 2666 significent
982 2616 1216 2655 ratiocinia
1247 2616 1464 2656 naturalis
1489 2616 1685 2659 hominis

199 2687 259 2714 ex
290 2673 412 2714 salsis
438 2681 597 2715 contra
624 2675 787 2716 Divina
818 2690 937 2723 vera.
965 2685 1175 2718 constare
1208 2685 1361 2731 potest
1392 2680 1450 2719 ab
1480 2680 1683 2733 explica·

200 2734 327 2774 tione
361 2735 563 2775 omnium
597 2737 787 2777 istorum
823 2738 867 2777 in
899 2738 1101 2779 Arcanis
1133 2738 1411 2780 caelestibus
1441 2751 1475 2789 (a
1494 2760 1524 2781 ιι.
1544 2760 1623 2789 7345
1643 2753 1685 2782 ad

201 2801 400 2841 1¹l7357.eta
414 2813 535 2842 n.7379
547 2807 588 2835 ad
603 2807 711 2844 7409).
767 2796 885 2837 Turn
908 2798 1027 2850 apud
1047 2798 1285 2847 Davidem,

266 2887 286 2901 ⁸⁸
296 2886 408 2919 Vertit
421 2897 529 2929 aquas
546 2889 686 2921 illorum
705 2890 739 2921 in
753 2891 975 2931 sanguinem,
989 2898 1024 2923 et
1040 2892 1168 2923 occidit
1185 2893 1317 2933 piscem
1331 2904 1453 2925 eorum
1467 2904 1475 2933 ς
1495 2904 1684 2936 prorepere
