1962 3328
255 256 367 300 2544
669 258 1002 291 APOCALYPSIS
1034 259 1334 291 EXPLICATA.

253 370 371 421 apud
398 369 640 419 hominem,
667 385 717 412 ac
745 372 928 412 sistatur
954 385 1086 412 causa
1108 386 1187 412 seu
1215 372 1438 412 internum
1465 373 1581 425 apud
1608 387 1747 427 ange-

255 431 323 472 los
355 433 428 486 qui
460 434 576 486 apud
609 434 862 474 hominem:
897 435 999 474 inde
1032 441 1101 475 est
1134 435 1252 488 quod
1285 434 1489 476 sanetum
1521 436 1746 476 internum

255 496 312 535 ab
338 496 512 548 angelis
535 510 672 550 usque
696 497 848 537 influat
876 498 919 536 in
943 498 1268 549 cogitationem
1292 504 1530 538 externam
1553 498 1746 539 hominis

252 559 325 611 qui
352 558 556 599 sanctum
583 560 721 600 habet
748 559 965 608 Verbum,
994 561 1177 600 tametsi
1203 560 1246 600 id
1274 562 1431 601 nescit.

252 649 430 672 (continuatis
437 650 466 671 de
478 650 574 676 Quinto
584 650 740 676 Praecepto.)

324 685 496 732 Quando
516 687 637 721 homo
658 687 795 731 incipit
814 686 948 732 fugere
968 694 1007 721 et
1030 687 1199 722 aversari
1220 687 1324 722 mala
1341 688 1432 733 quia
1458 695 1550 723 sunt
1577 696 1748 734 peccata,

252 739 349 767 tunc
376 734 510 768 omnia
535 745 635 779 quae
662 733 756 768 facit
782 734 887 768 bona
916 741 1018 773 sunt,
1046 741 1086 768 et
1111 745 1269 780 quoque
1295 735 1425 770 vocari
1453 743 1619 780 possunt
1645 737 1750 772 bona

251 791 385 824 opera,
405 791 494 814 cum
514 780 739 815 differentia
764 781 981 815 secundum
1009 782 1288 826 praestantiam
1316 794 1468 817 usuum.
1521 782 1621 817 Nam
1648 795 1748 829 quae

253 826 375 862 homo
403 827 496 862 facit
515 835 725 873 antequam
746 827 846 874 fugit
865 835 904 862 et
923 836 1127 863 aversatur
1144 829 1245 863 mala
1263 835 1307 863 ut
1327 837 1498 874 peccata,
1518 837 1610 864 sunt
1629 841 1749 876 opera

251 875 301 908 ab
322 874 408 919 ipso
428 874 599 913 homine,
619 886 730 920 quae,
750 875 842 920 quia
869 875 907 908 in
936 875 1011 910 illis
1030 883 1089 909 est
1109 876 1312 920 proprium
1332 876 1514 916 hominis,
1534 878 1640 922 quod
1668 889 1746 913 non

251 927 311 955 est
331 921 405 956 nisi
425 933 542 966 quam
563 922 720 958 malum.
736 929 775 956 et
794 929 853 956 est
867 933 1024 967 quoque
1041 924 1210 957 mundus
1227 929 1389 968 propter
1402 934 1530 968 quem,
1547 924 1636 959 ideo
1655 933 1748 959 sunt

251 969 355 1002 mala
381 979 519 1013 opera:
554 976 595 1003 at
627 969 691 1003 illa
720 980 820 1014 quae
847 969 968 1003 homo
998 969 1091 1004 facit
1119 976 1328 1015 postquam
1355 969 1456 1016 fugit
1481 978 1520 1005 et
1545 979 1749 1006 aversatur

251 1016 353 1049 mala
370 1023 414 1049 ut
435 1023 605 1060 peccata,
625 1023 717 1050 sunt
735 1027 856 1060 opera
873 1027 895 1050 a
922 1016 1106 1056 Domino,
1126 1028 1237 1062 quae.
1257 1017 1349 1062 quia
1371 1017 1409 1052 in
1437 1017 1512 1052 illis
1530 1025 1590 1053 est
1611 1018 1748 1053 Domi-

252 1073 334 1102 nus,
354 1069 393 1097 et
420 1073 508 1097 cum
539 1062 631 1108 Ipso
657 1064 820 1102 caelum,
840 1070 932 1098 sunt
959 1064 1062 1098 bona
1088 1075 1218 1108 opera.
1271 1063 1492 1099 Discrimen
1514 1076 1677 1109 operum
1696 1066 1746 1100 ab

251 1109 412 1144 homine
432 1117 471 1144 et
491 1121 654 1154 operum
682 1121 704 1144 a
733 1110 907 1145 Domino
926 1111 1030 1155 apud
1058 1111 1271 1150 hominem,
1291 1122 1370 1145 non
1389 1119 1552 1157 apparet
1578 1113 1627 1146 ad
1653 1123 1747 1147 con—

250 1155 429 1201 spectum
450 1157 667 1196 hominum,
686 1158 755 1192 sed
777 1157 983 1192 manifeste
1003 1158 1051 1192 ad
1071 1157 1327 1203 conspectum
1346 1159 1597 1204 angelorum:
1627 1170 1748 1205 opera

250 1214 350 1248 quae
377 1205 425 1238 ab
453 1204 614 1239 homine
642 1204 752 1244 fiunt,
780 1211 872 1240 sunt
899 1205 1000 1239 sicut
1026 1206 1205 1250 sepulcra
1230 1206 1401 1240 exterius
1428 1206 1620 1246 dealbata,
1647 1218 1746 1252 quae

253 1251 359 1285 intus
386 1258 478 1285 sunt
505 1252 620 1296 plena
638 1252 793 1287 ossibus
821 1259 1089 1292 mortuorum;
1120 1259 1211 1287 sunt
1238 1253 1339 1287 sicut
1365 1253 1522 1297 patinae
1541 1260 1580 1288 et
1607 1254 1748 1299 pocula

250 1298 422 1332 exterius
437 1299 637 1338 mundata,
655 1298 692 1332 in
708 1299 850 1344 quibus
866 1306 958 1333 sunt
974 1299 1176 1333 immunda
1189 1300 1318 1334 omnis
1332 1300 1507 1346 generis;
1534 1308 1626 1335 sunt
1644 1300 1746 1336 sicut

250 1343 400 1379 fruetus
420 1345 525 1380 intus
547 1353 690 1390 putres,
706 1346 858 1380 nitente
877 1357 1000 1391 usque
1019 1354 1181 1380 externa
1199 1354 1308 1386 cute;
1334 1354 1402 1381 aut
1420 1347 1522 1381 sicut
1541 1358 1660 1382 nuces
1678 1355 1746 1382 aut

249 1392 351 1426 sicut
369 1393 600 1438 amygdalae
620 1392 725 1427 intus
743 1404 766 1427 a
783 1393 982 1427 vermibus
1000 1404 1193 1433 corrosae,
1211 1394 1413 1438 putamine
1432 1405 1555 1439 usque
1575 1395 1745 1434 illibato;

249 1446 318 1473 aut
345 1439 446 1474 sicut
474 1440 613 1485 putida
639 1440 825 1474 meretrix
852 1440 949 1475 facie
971 1441 1153 1485 pulchra:
1183 1441 1278 1475 talia
1303 1449 1396 1475 sunt
1421 1441 1526 1476 bona
1551 1453 1672 1487 opera
1697 1443 1745 1476 ab

252 1486 338 1530 ipso
354 1487 515 1521 homine
528 1499 535 1527 ;
563 1498 652 1521 narn
667 1494 866 1532 utcunque
881 1495 1072 1532 apparent
1087 1487 1330 1522 extrinsecus
1344 1488 1457 1528 bona,
1473 1499 1596 1534 usque
1611 1495 1744 1524 tamen

251 1533 487 1568 intrinsecus
523 1541 677 1568 scatent
713 1534 1005 1579 impuritatibus
1043 1535 1173 1569 omnis
1206 1535 1383 1580 generis:
1429 1546 1519 1570 nam
1558 1535 1747 1570 interiora

249 1591 386 1614 eorum
402 1588 494 1615 sunt
514 1581 730 1621 infernalia,
745 1589 784 1616 et
799 1581 994 1616 exteriora
1008 1589 1199 1626 apparent
1213 1582 1315 1616 sicut
1329 1582 1524 1616 caelestia.
1577 1583 1632 1617 At
1649 1594 1744 1618 vero

249 1634 459 1673 postquam
478 1628 600 1663 homo
619 1628 721 1674 fugit
739 1636 779 1663 et
797 1636 1002 1663 aversatur
1020 1629 1122 1663 mala
1139 1636 1182 1662 ut
1209 1636 1381 1673 peccata,
1400 1636 1496 1664 tunc
1514 1636 1606 1664 sunt
1624 1641 1746 1675 opera

249 1674 334 1719 ejus
349 1686 428 1710 non
449 1676 569 1709 modo
584 1675 756 1710 exterius
775 1676 843 1710 sed
860 1676 978 1710 etiam
1000 1675 1164 1710 interius
1182 1676 1297 1716 bona,
1313 1683 1352 1710 et
1371 1687 1418 1711 eo
1439 1676 1524 1721 plus
1543 1677 1647 1711 bona
1665 1688 1744 1722 quo

250 1722 425 1762 interius,
458 1734 547 1757 nam
579 1734 659 1767 quo
691 1722 855 1757 interius
885 1733 934 1757 eo
965 1723 1125 1768 propius
1157 1722 1352 1762 Domino;
1389 1730 1485 1758 tunc
1516 1724 1620 1758 enim
1651 1731 1743 1759 sunt

249 1769 351 1803 sicut
363 1768 513 1804 fructus
529 1770 670 1814 quibus
685 1770 822 1815 sapida
840 1781 931 1804 caro
951 1776 1021 1809 est,
1041 1777 1080 1804 et
1101 1770 1138 1803 in
1157 1781 1325 1815 quorum
1346 1771 1477 1804 medio
1492 1778 1585 1805 sunt
1603 1771 1743 1806 thecae

250 1816 419 1860 plurium
440 1817 648 1856 seminum,
669 1828 716 1851 ex
735 1817 877 1862 quibus
904 1828 1030 1851 novae
1048 1817 1208 1852 arbores
1226 1828 1350 1862 usque
1377 1817 1426 1851 ad
1455 1818 1592 1852 hortos
1611 1819 1743 1852 enasci

249 1870 436 1907 possunt;
468 1872 560 1898 sunt
586 1864 721 1898 omnia
743 1871 782 1898 et
809 1863 965 1909 singula
992 1864 1030 1898 in
1059 1864 1226 1898 naturali
1245 1864 1331 1909 ejus
1350 1864 1511 1899 homine
1530 1864 1631 1900 sicut
1657 1876 1743 1904 ova,

248 1921 295 1944 ex
315 1910 457 1956 quibus
472 1918 652 1945 catervae
666 1911 889 1945 volatilium
910 1911 1073 1956 produci
1090 1918 1266 1956 possunt,
1283 1918 1322 1945 et
1340 1911 1560 1946 successive
1580 1911 1744 1957 implere

249 1957 418 1991 multum
438 1958 546 1992 caeli.
598 1958 741 1997 Verbo,
761 1958 854 1992 dum
875 1958 996 1992 homo
1015 1958 1115 2003 sugit
1137 1965 1176 1992 et
1194 1965 1397 1993 aversatur
1414 1959 1517 1993 mala
1534 1959 1637 1993 sicut
1655 1970 1744 2004 pec-

247 2011 346 2044 cata,
366 2011 461 2040 tunc
480 2016 601 2050 opera
618 2016 718 2050 quae
738 2005 832 2040 facit
852 2012 945 2039 sunt
962 2005 1072 2044 viva:
1103 2012 1143 2039 at
1162 2016 1262 2050 quae
1283 2005 1389 2050 prius
1409 2005 1564 2046 fecerat,
1584 2006 1743 2041 fuerunt

249 2058 426 2086 mortua:
460 2052 594 2087 vivum
626 2052 732 2087 enim
765 2059 824 2087 est
850 2053 957 2098 quod
989 2064 1011 2087 a
1044 2052 1229 2092 Domino.
1256 2063 1301 2087 ac
1327 2060 1528 2087 mortuum
1556 2053 1663 2098 quod
1694 2054 1743 2088 ab

248 2098 420 2134 homine.

329 2221 459 2267 975.
491 2224 596 2262 [Vers.
614 2225 658 2262 6.]
690 2214 820 2258 “Ouia
849 2214 1088 2267 sanquinem
1116 2218 1354 2254 sanctorum
1387 2220 1432 2256 et
1457 2214 1744 2269 prophetarum

249 2275 715 2329 effuderunt.”—Quod
738 2276 962 2329 significet
979 2277 1086 2329 quia
1107 2291 1215 2317 vera
1242 2277 1282 2318 V
1278 2278 1377 2318 erbi
1389 2285 1432 2318 et
1447 2278 1674 2319 dofflrz'nae
1688 2292 1745 2318 ex

260 2336 789 2391 Verbofalsgficaverunt,
810 2344 990 2378 constat
1009 2353 1066 2378 ex
1087 2338 1414 2391 significatione
1436 2344 1460 2360 “
1474 2339 1742 2391 sanguinis.'’

247 2399 369 2451 qUOd
392 2400 450 2439 Sit
474 2398 690 2438 DlVlnunl
713 2398 887 2438 Verum
911 2409 965 2447 (de
985 2419 1050 2446 qua
1071 2410 1205 2447 [supraj.
1227 2419 1256 2438 n.
1281 2411 1343 2450 30,
1367 2402 1512 2451 328[α],
1535 2411 1627 2451 329,
1646 2399 1742 2451 476.

247 2464 358 2514 748),
379 2470 425 2503 et
448 2477 506 2503 ex
530 2462 857 2515 significatione
879 2463 1141 2504 “effundere
1155 2463 1172 2477 '¹
1191 2464 1327 2512 illam,
1348 2465 1467 2517 quod
1491 2465 1546 2505 sit
1569 2464 1741 2504 violen-

247 2524 357 2564 tiam
384 2523 546 2564 inferre
570 2524 738 2564 Divino
761 2523 900 2572 Vero,
925 2524 1046 2577 quod
1069 2531 1139 2564 est
1162 2524 1400 2565 falsificare
1422 2525 1533 2565 illud
1557 2535 1611 2573 (de
1624 2545 1697 2572 qua,
1711 2545 1742 2566 n.

249 2595 344 2637 329)
363 2599 372 2636 3
406 2600 464 2626 ex
483 2585 810 2638 significatione
829 2590 853 2605 “
867 2584 1163 2633 san&orum,”
1178 2586 1296 2638 quod
1316 2587 1404 2627 sint
1424 2588 1495 2639 qui
1514 2587 1555 2627 in
1577 2587 1741 2627 Divino

247 2646 373 2687 Vero
404 2661 429 2687 a
462 2646 662 2686 Domino
688 2653 792 2686 sunt
825 2657 879 2694 (de
894 2666 968 2694 qua,
985 2666 1015 2686 n.
1033 2657 1145 2697 204),
1178 2654 1226 2687 at
1258 2647 1301 2686 in
1334 2661 1468 2688 sensu
1505 2647 1740 2688 abstraGto

249 2709 416 2749 Divina
451 2723 559 2749 vera
595 2723 620 2749 a
658 2709 858 2749 Domino
885 2720 930 2757 (n.
955 2719 1132 2761 325[a]);
1172 2716 1219 2750 et
1253 2711 1356 2763 quia
1391 2724 1469 2763 per
1506 2710 1740 2751 “sancta’'

246 2770 561 2823 intelliguntur
588 2770 750 2810 Divina
775 2785 879 2810 vera
905 2772 948 2810 in
977 2771 1145 2819 Verbo,
1170 2772 1234 2811 ita
1265 2785 1342 2824 per
1370 2772 1447 2812 illa
1473 2772 1741 2825 intelligitur

249 2833 476 2873 Verbum:
521 2840 565 2874 et
603 2848 661 2873 ex
699 2833 1024 2886 significatione
1060 2838 1084 2853 “
1099 2835 1458 2887 prophetarum‚”
1491 2836 1610 2888 quod
1648 2836 1739 2876 sint

245 2897 318 2950 qui
346 2896 512 2937 docent
536 2894 784 2937 doctrinam
813 2911 870 2937 ex
895 2896 1063 2947 Verbo,
1089 2904 1134 2938 et
1160 2898 1202 2937 in
1226 2910 1359 2938 sensu
1381 2897 1611 2938 abstracto
1632 2911 1738 2938 vera
