1962 3328
250 264 361 317 2516
664 274 994 308 APOCALYPSIS
1026 275 1322 307 EXPLICATA.

247 392 293 426 et
320 387 524 439 potentia
550 388 605 428 sit
638 402 695 428 ex
724 388 888 429 Divino
914 388 1038 429 Vero
1068 389 1112 428 in
1145 402 1278 428 sensu
1311 387 1539 441 spirituali.
1601 387 1731 441 Quod

249 449 459 489 “fumus’'
485 450 704 502 significet
733 450 1013 491 intellectum
1037 451 1177 491 Verbi
1203 452 1246 490 in
1280 465 1412 491 sensu
1439 451 1641 500 naturali,
1666 458 1735 492 est

247 513 348 564 quia
379 511 519 552 simile
552 526 629 565 per
658 513 893 553 “fumum’'
919 513 1195 566 significatur
1222 514 1340 566 quod
1374 526 1452 565 per
1480 514 1680 554 “nubem
1702 513 1736 563 ;”

246 574 364 626 quod
384 588 462 626 per
481 578 505 594 “
519 576 681 616 nubem
694 576 711 590 ''
731 575 1005 628 significetur
1023 576 1224 616 Verbum
1247 577 1289 615 in
1309 590 1441 616 sensu
1460 575 1650 616 naturali
1669 576 1734 616 vi-

223 635 408 682 „deatur
431 635 603 690 [supra]
626 648 670 684 (n.
686 636 941 689 36,[¹¹504[b].
958 637 1185 689 594,906);
1213 643 1258 677 et
1280 638 1382 690 quia
1400 636 1545 676 simile
1563 636 1634 677 hic
1656 650 1736 689 per

249 697 482 738 “fumum'’
509 698 788 752 significatur
815 699 933 751 quod
966 713 1044 751 per
1072 699 1278 738 “fumum
1310 698 1535 739 suffituum
1557 698 1589 748 ;'’
1616 698 1735 751 quod

245 772 324 812 per
344 761 547 802 “fumum
575 761 834 801 suffituum”
853 762 989 801 etiam
1017 761 1291 814 significetur
1310 761 1511 801 Verbum
1533 762 1576 801 in
1603 775 1735 801 sensu

245 822 453 870 naturali,
473 823 681 862 videatur
703 821 874 875 [supra]
901 832 1054 873 (n.494,
1072 831 1154 873 539
1179 833 1275 871 fin.);
1303 835 1440 862 causa
1458 823 1578 875 quod
1596 822 1639 862 id
1657 836 1735 875 per

251 884 273 900 ⁸⁴
289 881 487 923 fumun1”
519 883 805 936 significetur,
840 890 908 923 est
935 884 1036 936 quia
1067 883 1211 922 fumus
1244 890 1313 923 est
1345 897 1403 923 ex
1436 884 1553 936 igne,
1582 890 1627 924 et
1659 897 1736 936 per

248 945 434 997 “ignem
447 945 464 960 ''
481 945 755 998 significatur
777 959 902 985 amor
923 946 966 985 in
990 952 1179 998 utroque
1205 959 1353 993 sensu,
1374 959 1424 986 ac
1449 959 1525 998 per
1546 947 1734 998 “ignem

244 1005 480 1047 san&um‘’
497 1022 622 1049 amor
645 1008 877 1049 caelestis:
911 1008 1053 1048 simile
1076 1015 1145 1048 est
1164 1008 1366 1049 Verbum
1390 1009 1432 1048 in
1456 1022 1588 1049 sensu
1611 1009 1734 1050 litte-

245 1083 318 1109 rae
338 1070 608 1111 illustratum
627 1078 672 1111 et
691 1073 814 1124 quasi
837 1072 1067 1111 incensum
1090 1085 1115 1111 a
1133 1071 1526 1124 sensu'spirituali;
1558 1085 1732 1125 nempe,
1749 1070 1755 1077 “

246 1134 365 1187 quod
393 1135 539 1187 quoad
567 1133 847 1175 intellectum
871 1134 962 1187 ejus
989 1135 1045 1174 sit
1072 1147 1224 1174 verum
1251 1134 1309 1174 ibi
1335 1135 1376 1174 in
1406 1135 1596 1175 obscuro
1621 1135 1734 1175 sicut

246 1210 304 1236 ex
332 1196 464 1245 furno,
493 1205 734 1250 antequam
761 1197 871 1237 falsa
896 1203 942 1237 et
970 1196 1100 1244 mala,
1126 1211 1237 1250 quae
1264 1197 1474 1237 tenebras
1501 1197 1734 1238 offundunt

245 1259 344 1307 luci,
373 1267 418 1300 et
450 1266 706 1307 occaecant‚
736 1260 952 1311 dissipata
984 1267 1115 1309 sunt;
1163 1260 1247 1300 hoc
1291 1261 1427 1301 etiam
1469 1260 1736 1313 intelligitur

247 1334 326 1373 per
352 1323 470 1374 quod
500 1326 670 1362 “nemo
697 1323 891 1374 potuerit
918 1322 1090 1374 ingredi
1117 1323 1160 1362 in
1187 1322 1420 1374 templum,
1449 1322 1592 1362 donec
1625 1335 1732 1362 con-

245 1392 574 1426 summarentur
591 1391 766 1437 septem
789 1385 950 1438 plagae
973 1392 1148 1438 septem
1171 1385 1472 1437 angelorum.’'
1523 1385 1734 1425 Divinum

245 1447 415 1488 Verum
447 1449 490 1488 in
523 1461 654 1488 sensu
692 1447 884 1488 naturali
914 1448 1051 1488 etiam
1093 1447 1368 1500 significatur
1398 1461 1476 1500 per
1501 1447 1735 1488 “fumum'’

214 1525 226 1543 .·
245 1511 362 1563 apud
385 1510 586 1559 Esaiam,
1086 1519 1092 1525 '

311 1593 482 1625 “Creabit
512 1593 671 1634 Jehovah
703 1603 810 1633 super
838 1603 944 1624 omne
971 1593 1210 1624 habitaculum
1242 1592 1379 1624 Montis
1407 1593 1540 1631 Zionis,
1565 1599 1599 1625 et
1631 1604 1736 1644 super

419 1638 695 1668 convocationes
713 1637 799 1676 ejus,
814 1638 943 1667 nubem
962 1637 1124 1674 interdiu,
1141 1647 1181 1667 ac
1199 1637 1334 1667 fumum
1350 1643 1384 1668 et
1397 1638 1623 1692 splendorem
1641 1638 1736 1677 ignis

419 1681 582 1712 flammae
601 1679 718 1718 noc'tu,
738 1690 819 1711 nam
838 1690 944 1720 super
960 1681 1059 1711 omni
1076 1681 1189 1720 gloria
1206 1680 1530 1720 obtegumentum’'
1547 1681 1605 1721 (iv.
1625 1681 1678 1721 5):

247 1757 365 1810 apud
398 1757 604 1805 eundem,

311 1829 521 1860 “Commoti
539 1836 620 1860 sunt
638 1836 758 1869 postes
773 1830 934 1860 liminum
953 1839 974 1860 a
987 1839 1073 1860 voce
1085 1828 1103 1840 '’
1118 1829 1346 1860 clamantium
1365 1829 1563 1870 seraphim;
1589 1831 1657 1861 “ac
1674 1829 1736 1861 do-

421 1883 498 1904 mus
516 1874 661 1913 impleta
681 1880 735 1904 est
753 1872 880 1904 fumo‘’
899 1873 956 1912 (vi.
973 1874 1026 1912 4):

246 1961 447 2001 similiter
473 1975 550 2014 per
578 1961 814 2001 “fumum'’
840 1962 984 2001 visum
1017 1975 1148 2013 super
1176 1960 1335 2001 Monte
1362 1960 1481 2001 Sinai
1507 1974 1608 2002 cum
1630 1974 1733 2014 pro-

247 2025 448 2076 mulgata
474 2030 542 2065 est
570 2024 694 2064 Lex:
734 2031 779 2065 et
807 2025 970 2077 passim
997 2025 1039 2064 in
1067 2023 1221 2064 Verbo
1248 2038 1325 2076 per
1354 2023 1731 2077 “fumigationem

247 2085 498 2127 montium”
522 2100 621 2127 curn
648 2087 883 2127 descendit
906 2086 1134 2139 Jehovah:
1167 2093 1263 2127 turn

314 2176 382 2206 Per
400 2176 537 2206 “linum
555 2175 734 2215 fumigans
746 2175 765 2186 '’
783 2175 894 2211 (Esai.
913 2173 1019 2206 fflxlii.
1036 2174 1089 2213 3);

313 2219 357 2250 Et
374 2229 435 2259 per
445 2219 617 2302 jjjuSnum
643 2220 822 2250 suffituum
845 2219 1096 2250 ascendentem
1117 2229 1160 2250 ex
1185 2219 1346 2260 precibus
1369 2217 1603 2251 san&orum¹'
1620 2218 1733 2261 (Apoc.

419 2273 488 2294 vm.
506 2272 527 2301 4
543 2287 549 2294 .

247 2356 424 2381 (Continuatio
434 2356 464 2377 de
474 2357 563 2377 Primo
573 2356 729 2381 Praecepto.)

321 2390 453 2424 Homo
479 2401 568 2424 cum
595 2389 696 2435 fugit
720 2396 759 2424 et
785 2396 988 2424 aversatur
1014 2390 1116 2424 mala
1141 2389 1234 2434 quia
1261 2396 1422 2434 peccata
1446 2395 1548 2429 sunt,
1574 2400 1621 2424 ex
1647 2389 1733 2424 luce

246 2437 342 2471 caeli
359 2448 437 2471 non
454 2437 573 2471 modo
586 2437 695 2471 videt
709 2437 816 2481 quod
837 2436 943 2471 Deus
957 2437 1018 2476 sit,
1033 2443 1073 2470 et
1091 2437 1197 2481 quod
1218 2436 1325 2471 Deus
1339 2448 1440 2471 unus
1455 2437 1516 2475 sit,
1530 2436 1599 2471 sed
1614 2436 1732 2471 etiam

246 2484 353 2529 quod
374 2483 480 2518 Deus
501 2483 635 2517 Homo
653 2483 722 2523 sit;
749 2483 834 2518 vult
851 2483 954 2518 enim
970 2483 1103 2517 videre
1122 2494 1236 2517 suum
1258 2483 1396 2522 Deum,
1412 2490 1451 2518 et
1468 2483 1581 2518 aliter
1600 2482 1732 2527 Ipsum

247 2542 326 2565 non
347 2537 477 2575 potest
494 2530 627 2564 videre
653 2530 727 2564 nisi
754 2530 855 2565 sicut
876 2529 1102 2564 Hominem.
1155 2529 1214 2564 Ita
1230 2530 1415 2564 viderunt
1434 2529 1561 2564 Deum
1580 2530 1732 2575 antiqui
1791 2547 1801 2551 ·

246 2584 338 2612 ante
359 2577 638 2615 Abrahamum,
657 2587 702 2611 ac
730 2583 819 2621 post
846 2577 974 2617 illum;
1005 2576 1059 2610 ita
1076 2576 1213 2611 vident
1233 2576 1359 2611 Deum
1379 2587 1426 2611 ex
1445 2576 1629 2610 interiore
1648 2588 1733 2621 per-

246 2624 428 2669 ceptione
447 2630 583 2669 gentes
611 2624 649 2657 in
675 2623 789 2658 terris
815 2630 925 2658 extra
942 2623 1157 2662 ecclesiam,
1178 2623 1369 2668 imprimis
1396 2623 1450 2657 illi
1476 2623 1542 2668 qui
1570 2623 1733 2658 interius

246 2670 406 2715 sapiunt
431 2670 588 2704 tametsi
616 2681 693 2704 non
721 2681 768 2704 ex
794 2670 987 2710 scientiis;
1018 2670 1072 2704 ita
1088 2669 1226 2704 vident
1246 2669 1372 2704 Deum
1391 2680 1528 2704 omnes
1553 2669 1732 2709 infantes,

247 2717 368 2762 pueri,
383 2727 428 2750 ac
448 2717 558 2761 probi
577 2717 794 2761 simplices;
821 2727 866 2751 ac
885 2717 938 2751 ita
955 2716 1091 2751 vident
1111 2715 1238 2751 Deum
1258 2716 1408 2751 incolae
1426 2716 1601 2750 omnium
1620 2717 1734 2750 tellu—

248 2774 345 2802 rum,
361 2763 498 2797 dicunt
512 2763 615 2797 enim
631 2764 738 2808 quod
759 2763 962 2803 invisibile,
977 2763 1068 2808 quia
1087 2774 1165 2797 non
1183 2763 1289 2797 cadit
1309 2763 1346 2796 in
1366 2763 1505 2802 ideam,
1521 2774 1599 2798 non
1618 2763 1734 2797 cadat

248 2810 286 2844 in
306 2810 444 2844 fidem:
474 2820 591 2844 causa
608 2816 677 2848 est,
697 2809 789 2854 quia
815 2809 935 2844 homo
961 2809 1027 2854 qui
1054 2809 1154 2855 fugit
1181 2815 1220 2844 et
1237 2816 1439 2844 aversatur
1457 2810 1559 2844 mala
1582 2815 1626 2843 ut
1645 2820 1733 2854 pec-

247 2863 345 2895 cata,
364 2856 514 2901 cogitat
540 2867 560 2890 e
586 2857 706 2894 caelo,
725 2867 770 2891 ac
789 2857 1014 2891 universum
1033 2857 1195 2895 caelum,
1214 2863 1253 2890 et
1274 2856 1542 2901 unusquisque
1571 2856 1634 2896 ibi,
1654 2867 1732 2890 non

249 2903 288 2937 in
307 2903 383 2938 alia
402 2903 489 2938 idea
506 2909 565 2937 est
584 2903 632 2937 de
652 2902 738 2937 Deo
756 2913 874 2948 quam
894 2909 937 2937 ut
955 2903 1003 2937 de
1024 2902 1216 2943 Homine;
1247 2913 1318 2937 nec
1337 2902 1375 2936 in
1394 2902 1470 2937 alia
1488 2909 1618 2948 potest
1637 2913 1731 2939 esse.
