<?xml version="1.0" encoding="UTF-8"?>
<!DOCTYPE html PUBLIC "-//W3C//DTD XHTML 1.0 Transitional//EN"
    "http://www.w3.org/TR/xhtml1/DTD/xhtml1-transitional.dtd">
<html xmlns="http://www.w3.org/1999/xhtml" xml:lang="en" lang="en">
 <head>
  <title>
</title>
<meta http-equiv="Content-Type" content="text/html;charset=utf-8" />
  <meta name='ocr-system' content='tesseract 3.04.00' />
  <meta name='ocr-capabilities' content='ocr_page ocr_carea ocr_par ocr_line ocrx_word'/>
</head>
<body>
  <div class='ocr_page' id='page_1' title='image "apocalypsisexpli05sweduoft_0053.png"; bbox 0 0 1962 3328; ppageno 0'>
   <div class='ocr_carea' id='block_1_1' title="bbox 583 250 1691 306">
    <p class='ocr_par' dir='ltr' id='par_1_1' title="bbox 583 250 1691 306">
     <span class='ocr_line' id='line_1_1' title="bbox 583 250 1691 306; baseline -0.003 -10"><span class='ocrx_word' id='word_1_1' title='bbox 583 263 689 296; x_wconf 83' lang='lat' dir='ltr'>CAP.</span> <span class='ocrx_word' id='word_1_2' title='bbox 712 263 827 302; x_wconf 67' lang='lat' dir='ltr'>XVI„</span> <span class='ocrx_word' id='word_1_3' title='bbox 849 261 987 294; x_wconf 78' lang='lat' dir='ltr'>VERs.</span> <span class='ocrx_word' id='word_1_4' title='bbox 1014 261 1155 294; x_wconf 87' lang='lat' dir='ltr'>1.—N.</span> <span class='ocrx_word' id='word_1_5' title='bbox 1177 250 1346 306; x_wconf 88' lang='lat' dir='ltr'>960[a].</span> <span class='ocrx_word' id='word_1_6' title='bbox 1582 262 1662 305; x_wconf 86' lang='lat'>252</span> <span class='ocrx_word' id='word_1_7' title='bbox 1670 260 1691 305; x_wconf 82' lang='grc'><strong>5</strong></span> 
     </span>
    </p>
   </div>
   <div class='ocr_carea' id='block_1_2' title="bbox 210 371 1694 952">
    <p class='ocr_par' dir='ltr' id='par_1_2' title="bbox 210 371 1694 736">
     <span class='ocr_line' id='line_1_2' title="bbox 212 371 1693 428; baseline -0.003 -12"><span class='ocrx_word' id='word_1_8' title='bbox 212 388 291 428; x_wconf 87' lang='lat' dir='ltr'>per</span> <span class='ocrx_word' id='word_1_9' title='bbox 313 374 599 416; x_wconf 86' lang='lat' dir='ltr'>“Babelem”</span> <span class='ocrx_word' id='word_1_10' title='bbox 620 374 899 428; x_wconf 85' lang='lat' dir='ltr'>significatur</span> <span class='ocrx_word' id='word_1_11' title='bbox 919 374 1165 415; x_wconf 91' lang='lat' dir='ltr'>dominium</span> <span class='ocrx_word' id='word_1_12' title='bbox 1191 388 1270 427; x_wconf 92' lang='lat' dir='ltr'>per</span> <span class='ocrx_word' id='word_1_13' title='bbox 1294 371 1452 414; x_wconf 62' lang='lat' dir='ltr'>sancta</span> <span class='ocrx_word' id='word_1_14' title='bbox 1472 372 1693 414; x_wconf 89' lang='lat' dir='ltr'>ecclesiae</span> 
     </span>
     <span class='ocr_line' id='line_1_3' title="bbox 211 435 1694 492; baseline -0.003 -14"><span class='ocrx_word' id='word_1_15' title='bbox 211 452 345 492; x_wconf 87' lang='lat' dir='ltr'>super</span> <span class='ocrx_word' id='word_1_16' title='bbox 369 437 543 479; x_wconf 87' lang='lat' dir='ltr'>caelum</span> <span class='ocrx_word' id='word_1_17' title='bbox 576 444 623 478; x_wconf 92' lang='lat' dir='ltr'>et</span> <span class='ocrx_word' id='word_1_18' title='bbox 654 451 786 491; x_wconf 91' lang='lat' dir='ltr'>super</span> <span class='ocrx_word' id='word_1_19' title='bbox 811 438 982 477; x_wconf 88' lang='lat' dir='ltr'>animas</span> <span class='ocrx_word' id='word_1_20' title='bbox 1014 437 1262 484; x_wconf 88' lang='lat' dir='ltr'>hominum,</span> <span class='ocrx_word' id='word_1_21' title='bbox 1288 450 1348 477; x_wconf 87' lang='lat' dir='ltr'>ex</span> <span class='ocrx_word' id='word_1_22' title='bbox 1379 449 1469 489; x_wconf 92' lang='lat' dir='ltr'>quo</span> <span class='ocrx_word' id='word_1_23' title='bbox 1494 435 1694 475; x_wconf 91' lang='lat' dir='ltr'>dominio</span> 
     </span>
     <span class='ocr_line' id='line_1_4' title="bbox 210 496 1693 553; baseline -0.002 -13"><span class='ocrx_word' id='word_1_24' title='bbox 210 500 322 541; x_wconf 82' lang='lat' dir='ltr'>salsa</span> <span class='ocrx_word' id='word_1_25' title='bbox 352 500 537 553; x_wconf 83' lang='lat' dir='ltr'>profana</span> <span class='ocrx_word' id='word_1_26' title='bbox 567 501 844 540; x_wconf 85' lang='lat' dir='ltr'>scaturiunt:</span> <span class='ocrx_word' id='word_1_27' title='bbox 888 513 968 552; x_wconf 90' lang='lat' dir='ltr'>per</span> <span class='ocrx_word' id='word_1_28' title='bbox 999 499 1256 539; x_wconf 86' lang='lat' dir='ltr'>“inebriare</span> <span class='ocrx_word' id='word_1_29' title='bbox 1294 498 1492 539; x_wconf 86' lang='lat' dir='ltr'>terram”</span> <span class='ocrx_word' id='word_1_30' title='bbox 1523 496 1693 550; x_wconf 87' lang='lat' dir='ltr'>signifi-</span> 
     </span>
     <span class='ocr_line' id='line_1_5' title="bbox 210 559 1693 614; baseline -0.003 -11"><span class='ocrx_word' id='word_1_31' title='bbox 210 569 338 603; x_wconf 88' lang='lat' dir='ltr'>catur</span> <span class='ocrx_word' id='word_1_32' title='bbox 362 563 579 603; x_wconf 86' lang='lat' dir='ltr'>infatuare</span> <span class='ocrx_word' id='word_1_33' title='bbox 605 562 843 603; x_wconf 87' lang='lat' dir='ltr'>ecclesiam</span> <span class='ocrx_word' id='word_1_34' title='bbox 869 563 933 602; x_wconf 87' lang='lat' dir='ltr'>ita</span> <span class='ocrx_word' id='word_1_35' title='bbox 963 568 1013 602; x_wconf 90' lang='lat' dir='ltr'>ut</span> <span class='ocrx_word' id='word_1_36' title='bbox 1045 575 1135 601; x_wconf 90' lang='lat' dir='ltr'>non</span> <span class='ocrx_word' id='word_1_37' title='bbox 1161 561 1353 614; x_wconf 90' lang='lat' dir='ltr'>amplius</span> <span class='ocrx_word' id='word_1_38' title='bbox 1378 561 1585 600; x_wconf 90' lang='lat' dir='ltr'>videatur</span> <span class='ocrx_word' id='word_1_39' title='bbox 1610 559 1693 600; x_wconf 84' lang='lat' dir='ltr'>ali-</span> 
     </span>
     <span class='ocr_line' id='line_1_6' title="bbox 210 622 1693 678; baseline -0.001 -13"><span class='ocrx_word' id='word_1_40' title='bbox 210 625 331 678; x_wconf 93' lang='lat' dir='ltr'>quod</span> <span class='ocrx_word' id='word_1_41' title='bbox 361 638 515 666; x_wconf 88' lang='lat' dir='ltr'>verum</span> <span class='ocrx_word' id='word_1_42' title='bbox 532 638 542 665; x_wconf 88' lang='lat'><strong>:</strong></span> <span class='ocrx_word' id='word_1_43' title='bbox 584 626 774 665; x_wconf 88' lang='lat' dir='ltr'>“vinum</span> <span class='ocrx_word' id='word_1_44' title='bbox 785 624 804 639; x_wconf 92' lang='lat'>&#39;’</span> <span class='ocrx_word' id='word_1_45' title='bbox 836 624 1061 677; x_wconf 88' lang='lat' dir='ltr'>significat</span> <span class='ocrx_word' id='word_1_46' title='bbox 1094 624 1140 664; x_wconf 93' lang='lat' dir='ltr'>id</span> <span class='ocrx_word' id='word_1_47' title='bbox 1177 623 1350 664; x_wconf 89' lang='lat' dir='ltr'>falsum.</span> <span class='ocrx_word' id='word_1_48' title='bbox 1408 623 1547 677; x_wconf 90' lang='lat' dir='ltr'>Apud</span> <span class='ocrx_word' id='word_1_49' title='bbox 1577 622 1693 663; x_wconf 72' lang='lat' dir='ltr'>Eze-</span> 
     </span>
     <span class='ocr_line' id='line_1_7' title="bbox 210 687 400 736; baseline 0.005 -9"><span class='ocrx_word' id='word_1_50' title='bbox 210 687 400 736; x_wconf 82' lang='lat' dir='ltr'>cltielem,</span> 
     </span>
    </p>

    <p class='ocr_par' dir='ltr' id='par_1_3' title="bbox 276 781 1693 952">
     <span class='ocr_line' id='line_1_8' title="bbox 276 781 1691 822; baseline 0 -8"><span class='ocrx_word' id='word_1_51' title='bbox 276 781 346 813; x_wconf 84' lang='lat' dir='ltr'>“In</span> <span class='ocrx_word' id='word_1_52' title='bbox 359 783 419 814; x_wconf 86' lang='lat' dir='ltr'>via</span> <span class='ocrx_word' id='word_1_53' title='bbox 433 783 567 814; x_wconf 87' lang='lat' dir='ltr'>sororis</span> <span class='ocrx_word' id='word_1_54' title='bbox 581 790 662 814; x_wconf 90' lang='lat' dir='ltr'>tuae</span> <span class='ocrx_word' id='word_1_55' title='bbox 674 782 864 814; x_wconf 84' lang='lat' dir='ltr'>ambulasti</span> <span class='ocrx_word' id='word_1_56' title='bbox 878 793 885 819; x_wconf 88' lang='grc'>;</span> <span class='ocrx_word' id='word_1_57' title='bbox 910 783 990 814; x_wconf 91' lang='lat' dir='ltr'>ideo</span> <span class='ocrx_word' id='word_1_58' title='bbox 1007 783 1099 814; x_wconf 88' lang='lat' dir='ltr'>dabo</span> <span class='ocrx_word' id='word_1_59' title='bbox 1112 782 1255 814; x_wconf 77' lang='lat' dir='ltr'><strong>calicem</strong></span> <span class='ocrx_word' id='word_1_60' title='bbox 1269 782 1346 822; x_wconf 90' lang='lat' dir='ltr'>ejus</span> <span class='ocrx_word' id='word_1_61' title='bbox 1362 782 1398 813; x_wconf 90' lang='lat' dir='ltr'>in</span> <span class='ocrx_word' id='word_1_62' title='bbox 1412 791 1558 813; x_wconf 89' lang='lat' dir='ltr'>manum</span> <span class='ocrx_word' id='word_1_63' title='bbox 1575 788 1671 813; x_wconf 89' lang='lat' dir='ltr'>tuam</span> <span class='ocrx_word' id='word_1_64' title='bbox 1684 793 1691 814; x_wconf 93' lang='lat'>:</span> 
     </span>
     <span class='ocr_line' id='line_1_9' title="bbox 382 826 1692 867; baseline -0.001 -10"><span class='ocrx_word' id='word_1_65' title='bbox 382 826 433 856; x_wconf 87' lang='lat' dir='ltr'>sic</span> <span class='ocrx_word' id='word_1_66' title='bbox 451 827 538 857; x_wconf 81' lang='lat' dir='ltr'>dixit</span> <span class='ocrx_word' id='word_1_67' title='bbox 557 826 733 857; x_wconf 87' lang='lat' dir='ltr'>Dominus</span> <span class='ocrx_word' id='word_1_68' title='bbox 749 826 911 867; x_wconf 86' lang='lat' dir='ltr'>Jehovih,</span> <span class='ocrx_word' id='word_1_69' title='bbox 926 826 1080 857; x_wconf 85' lang='lat' dir='ltr'>Calicem</span> <span class='ocrx_word' id='word_1_70' title='bbox 1098 827 1233 857; x_wconf 82' lang='lat' dir='ltr'>sororis</span> <span class='ocrx_word' id='word_1_71' title='bbox 1250 832 1331 857; x_wconf 90' lang='lat' dir='ltr'>tuae</span> <span class='ocrx_word' id='word_1_72' title='bbox 1348 826 1459 863; x_wconf 85' lang='lat' dir='ltr'>bibes,</span> <span class='ocrx_word' id='word_1_73' title='bbox 1477 826 1692 865; x_wconf 77' lang='lat' dir='ltr'>profundum</span> 
     </span>
     <span class='ocr_line' id='line_1_10' title="bbox 383 869 1693 909; baseline -0.001 -9"><span class='ocrx_word' id='word_1_74' title='bbox 383 876 420 900; x_wconf 89' lang='lat' dir='ltr'>et</span> <span class='ocrx_word' id='word_1_75' title='bbox 436 869 545 901; x_wconf 85' lang='lat' dir='ltr'>latum</span> <span class='ocrx_word' id='word_1_76' title='bbox 559 879 567 905; x_wconf 84' lang='lat'><strong>;</strong></span> <span class='ocrx_word' id='word_1_77' title='bbox 591 870 660 900; x_wconf 90' lang='lat' dir='ltr'>eris</span> <span class='ocrx_word' id='word_1_78' title='bbox 681 870 716 900; x_wconf 89' lang='lat' dir='ltr'>in</span> <span class='ocrx_word' id='word_1_79' title='bbox 737 871 846 900; x_wconf 88' lang='lat' dir='ltr'>risum</span> <span class='ocrx_word' id='word_1_80' title='bbox 864 877 899 901; x_wconf 87' lang='lat' dir='ltr'>et</span> <span class='ocrx_word' id='word_1_81' title='bbox 915 870 1243 906; x_wconf 84' lang='lat' dir='ltr'>subsannationem.</span> <span class='ocrx_word' id='word_1_82' title='bbox 1259 870 1381 909; x_wconf 88' lang='lat' dir='ltr'>ampla</span> <span class='ocrx_word' id='word_1_83' title='bbox 1396 869 1440 900; x_wconf 93' lang='lat' dir='ltr'>ad</span> <span class='ocrx_word' id='word_1_84' title='bbox 1457 869 1668 909; x_wconf 87' lang='lat' dir='ltr'>capiendum</span> <span class='ocrx_word' id='word_1_85' title='bbox 1685 878 1693 906; x_wconf 86' lang='lat'>;</span> 
     </span>
     <span class='ocr_line' id='line_1_11' title="bbox 382 913 1693 952; baseline 0 -9"><span class='ocrx_word' id='word_1_86' title='bbox 382 913 553 944; x_wconf 90' lang='lat' dir='ltr'>ebrietate</span> <span class='ocrx_word' id='word_1_87' title='bbox 570 919 605 944; x_wconf 87' lang='lat' dir='ltr'>et</span> <span class='ocrx_word' id='word_1_88' title='bbox 621 913 764 944; x_wconf 83' lang='lat' dir='ltr'>tristitia</span> <span class='ocrx_word' id='word_1_89' title='bbox 777 914 989 952; x_wconf 86' lang='lat' dir='ltr'>impleberis,</span> <span class='ocrx_word' id='word_1_90' title='bbox 1003 913 1111 944; x_wconf 92' lang='lat' dir='ltr'>calice</span> <span class='ocrx_word' id='word_1_91' title='bbox 1125 913 1382 943; x_wconf 86' lang='lat' dir='ltr'>devastationis</span> <span class='ocrx_word' id='word_1_92' title='bbox 1398 919 1434 943; x_wconf 92' lang='lat' dir='ltr'>et</span> <span class='ocrx_word' id='word_1_93' title='bbox 1450 913 1693 950; x_wconf 85' lang='lat' dir='ltr'>desolationis,</span> 
     </span>
    </p>
   </div>
   <div class='ocr_carea' id='block_1_3' title="bbox 366 956 1693 1039">
    <p class='ocr_par' dir='ltr' id='par_1_4' title="bbox 366 956 1693 1039">
     <span class='ocr_line' id='line_1_12' title="bbox 366 956 1693 997; baseline 0.001 -11"><span class='ocrx_word' id='word_1_94' title='bbox 366 956 488 989; x_wconf 85' lang='lat' dir='ltr'>,calice</span> <span class='ocrx_word' id='word_1_95' title='bbox 508 957 641 987; x_wconf 85' lang='lat' dir='ltr'>sororis</span> <span class='ocrx_word' id='word_1_96' title='bbox 665 963 747 987; x_wconf 91' lang='lat' dir='ltr'>tuae</span> <span class='ocrx_word' id='word_1_97' title='bbox 771 956 974 991; x_wconf 86' lang='lat' dir='ltr'>Samariae:</span> <span class='ocrx_word' id='word_1_98' title='bbox 1003 966 1107 997; x_wconf 90' lang='lat' dir='ltr'>quem</span> <span class='ocrx_word' id='word_1_99' title='bbox 1131 957 1231 987; x_wconf 85' lang='lat' dir='ltr'>bibes</span> <span class='ocrx_word' id='word_1_100' title='bbox 1255 963 1291 987; x_wconf 91' lang='lat' dir='ltr'>et</span> <span class='ocrx_word' id='word_1_101' title='bbox 1314 956 1503 996; x_wconf 84' lang='lat' dir='ltr'>exprimes,</span> <span class='ocrx_word' id='word_1_102' title='bbox 1523 963 1559 987; x_wconf 88' lang='lat' dir='ltr'>et</span> <span class='ocrx_word' id='word_1_103' title='bbox 1582 962 1693 987; x_wconf 83' lang='lat' dir='ltr'>testas</span> 
     </span>
     <span class='ocr_line' id='line_1_13' title="bbox 380 999 1004 1039; baseline 0 -9"><span class='ocrx_word' id='word_1_104' title='bbox 380 999 458 1039; x_wconf 88' lang='lat' dir='ltr'>ejus</span> <span class='ocrx_word' id='word_1_105' title='bbox 474 1000 695 1031; x_wconf 91' lang='lat' dir='ltr'>comminues</span> <span class='ocrx_word' id='word_1_106' title='bbox 705 999 724 1011; x_wconf 85' lang='lat'>¹’</span> <span class='ocrx_word' id='word_1_107' title='bbox 740 999 849 1039; x_wconf 81' lang='lat' dir='ltr'>(xxiii.</span> <span class='ocrx_word' id='word_1_108' title='bbox 866 1000 1004 1038; x_wconf 82' lang='lat'>31—34):</span> 
     </span>
    </p>
   </div>
   <div class='ocr_carea' id='block_1_4' title="bbox 0 0 207 3328">
    <p class='ocr_par' dir='ltr' id='par_1_5' title="bbox 0 0 207 3328">
     <span class='ocr_line' id='line_1_14' title="bbox 0 0 207 3328; baseline 0 0"><span class='ocrx_word' id='word_1_109' title='bbox 0 0 207 3328; x_wconf 95' lang='lat' dir='ltr'> </span> 
     </span>
    </p>
   </div>
   <div class='ocr_carea' id='block_1_5' title="bbox 203 1095 1692 1902">
    <p class='ocr_par' dir='ltr' id='par_1_6' title="bbox 203 1095 1692 1902">
     <span class='ocr_line' id='line_1_15' title="bbox 207 1095 1691 1150; baseline 0.001 -14"><span class='ocrx_word' id='word_1_110' title='bbox 207 1095 321 1136; x_wconf 89' lang='lat' dir='ltr'>haec</span> <span class='ocrx_word' id='word_1_111' title='bbox 353 1096 410 1137; x_wconf 86' lang='lat' dir='ltr'>de</span> <span class='ocrx_word' id='word_1_112' title='bbox 437 1096 770 1149; x_wconf 87' lang='lat' dir='ltr'>Hierosolyma,</span> <span class='ocrx_word' id='word_1_113' title='bbox 799 1111 878 1150; x_wconf 90' lang='lat' dir='ltr'>per</span> <span class='ocrx_word' id='word_1_114' title='bbox 903 1110 1036 1150; x_wconf 89' lang='lat' dir='ltr'>quam</span> <span class='ocrx_word' id='word_1_115' title='bbox 1063 1096 1340 1150; x_wconf 86' lang='lat' dir='ltr'>significatur</span> <span class='ocrx_word' id='word_1_116' title='bbox 1365 1097 1558 1138; x_wconf 88' lang='lat' dir='ltr'>ecclesia</span> <span class='ocrx_word' id='word_1_117' title='bbox 1588 1111 1691 1138; x_wconf 87' lang='lat' dir='ltr'>cae-</span> 
     </span>
     <span class='ocr_line' id='line_1_16' title="bbox 207 1158 1691 1213; baseline 0.001 -15"><span class='ocrx_word' id='word_1_118' title='bbox 207 1158 335 1199; x_wconf 90' lang='lat' dir='ltr'>lestis</span> <span class='ocrx_word' id='word_1_119' title='bbox 360 1160 507 1212; x_wconf 88' lang='lat' dir='ltr'>quoad</span> <span class='ocrx_word' id='word_1_120' title='bbox 534 1158 812 1209; x_wconf 73' lang='lat' dir='ltr'>do&amp;rinam;</span> <span class='ocrx_word' id='word_1_121' title='bbox 851 1166 897 1200; x_wconf 91' lang='lat' dir='ltr'>et</span> <span class='ocrx_word' id='word_1_122' title='bbox 929 1174 1007 1212; x_wconf 90' lang='lat' dir='ltr'>per</span> <span class='ocrx_word' id='word_1_123' title='bbox 1034 1159 1321 1200; x_wconf 85' lang='lat' dir='ltr'>“Samariam</span> <span class='ocrx_word' id='word_1_124' title='bbox 1334 1160 1353 1174; x_wconf 91' lang='lat'>&#39;’</span> <span class='ocrx_word' id='word_1_125' title='bbox 1379 1161 1452 1208; x_wconf 93' lang='lat' dir='ltr'>ibi,</span> <span class='ocrx_word' id='word_1_126' title='bbox 1481 1174 1594 1213; x_wconf 88' lang='lat' dir='ltr'>quae</span> <span class='ocrx_word' id='word_1_127' title='bbox 1620 1167 1691 1200; x_wconf 90' lang='lat' dir='ltr'>est</span> 
     </span>
     <span class='ocr_line' id='line_1_17' title="bbox 209 1221 1691 1275; baseline 0.001 -14"><span class='ocrx_word' id='word_1_128' title='bbox 209 1225 235 1240; x_wconf 84' lang='lat'>‘⁸</span> <span class='ocrx_word' id='word_1_129' title='bbox 247 1221 412 1269; x_wconf 85' lang='lat' dir='ltr'>soror,”</span> <span class='ocrx_word' id='word_1_130' title='bbox 427 1221 703 1274; x_wconf 87' lang='lat' dir='ltr'>significatur</span> <span class='ocrx_word' id='word_1_131' title='bbox 720 1222 911 1262; x_wconf 88' lang='lat' dir='ltr'>ecclesia</span> <span class='ocrx_word' id='word_1_132' title='bbox 934 1222 1189 1275; x_wconf 88' lang='lat' dir='ltr'>spiritualis,</span> <span class='ocrx_word' id='word_1_133' title='bbox 1202 1223 1340 1262; x_wconf 88' lang='lat' dir='ltr'>etiam</span> <span class='ocrx_word' id='word_1_134' title='bbox 1358 1223 1507 1275; x_wconf 91' lang='lat' dir='ltr'>quoad</span> <span class='ocrx_word' id='word_1_135' title='bbox 1524 1221 1691 1263; x_wconf 64' lang='lat' dir='ltr'>doctri-</span> 
     </span>
     <span class='ocr_line' id='line_1_18' title="bbox 206 1284 1691 1338; baseline 0.001 -15"><span class='ocrx_word' id='word_1_136' title='bbox 206 1295 338 1333; x_wconf 87' lang='lat' dir='ltr'>nam;</span> <span class='ocrx_word' id='word_1_137' title='bbox 376 1297 479 1324; x_wconf 90' lang='lat' dir='ltr'>nam</span> <span class='ocrx_word' id='word_1_138' title='bbox 511 1298 624 1337; x_wconf 87' lang='lat' dir='ltr'>gens</span> <span class='ocrx_word' id='word_1_139' title='bbox 647 1284 836 1336; x_wconf 89' lang='lat' dir='ltr'>Judaica</span> <span class='ocrx_word' id='word_1_140' title='bbox 864 1285 1237 1338; x_wconf 86' lang='lat' dir='ltr'>repraesentabat</span> <span class='ocrx_word' id='word_1_141' title='bbox 1269 1298 1458 1337; x_wconf 88' lang='lat' dir='ltr'>regnum</span> <span class='ocrx_word' id='word_1_142' title='bbox 1490 1285 1691 1326; x_wconf 88' lang='lat' dir='ltr'>caeleste</span> 
     </span>
     <span class='ocr_line' id='line_1_19' title="bbox 206 1344 1690 1400; baseline 0.003 -16"><span class='ocrx_word' id='word_1_143' title='bbox 206 1344 402 1394; x_wconf 89' lang='lat' dir='ltr'>Domini,</span> <span class='ocrx_word' id='word_1_144' title='bbox 429 1352 476 1386; x_wconf 90' lang='lat' dir='ltr'>et</span> <span class='ocrx_word' id='word_1_145' title='bbox 507 1359 620 1399; x_wconf 85' lang='lat' dir='ltr'>gens</span> <span class='ocrx_word' id='word_1_146' title='bbox 653 1347 901 1387; x_wconf 86' lang='lat' dir='ltr'>Israelitica</span> <span class='ocrx_word' id='word_1_147' title='bbox 926 1360 1116 1399; x_wconf 88' lang='lat' dir='ltr'>regnum</span> <span class='ocrx_word' id='word_1_148' title='bbox 1142 1348 1376 1400; x_wconf 89' lang='lat' dir='ltr'>spirituale</span> <span class='ocrx_word' id='word_1_149' title='bbox 1410 1348 1580 1400; x_wconf 86' lang='lat' dir='ltr'>Ipsius:</span> <span class='ocrx_word' id='word_1_150' title='bbox 1618 1348 1690 1388; x_wconf 89' lang='lat' dir='ltr'>hic</span> 
     </span>
     <span class='ocr_line' id='line_1_20' title="bbox 205 1408 1692 1463; baseline 0.003 -16"><span class='ocrx_word' id='word_1_151' title='bbox 205 1420 312 1448; x_wconf 92' lang='lat' dir='ltr'>vero</span> <span class='ocrx_word' id='word_1_152' title='bbox 356 1421 435 1461; x_wconf 90' lang='lat' dir='ltr'>per</span> <span class='ocrx_word' id='word_1_153' title='bbox 476 1408 883 1461; x_wconf 87' lang='lat' dir='ltr'>“Hierosolymam</span> <span class='ocrx_word' id='word_1_154' title='bbox 895 1409 915 1423; x_wconf 93' lang='lat'>&#39;&#39;</span> <span class='ocrx_word' id='word_1_155' title='bbox 955 1416 1002 1450; x_wconf 89' lang='lat' dir='ltr'>et</span> <span class='ocrx_word' id='word_1_156' title='bbox 1046 1414 1071 1429; x_wconf 76' lang='lat'>‘⁸</span> <span class='ocrx_word' id='word_1_157' title='bbox 1089 1408 1370 1450; x_wconf 82' lang='lat' dir='ltr'>Samariam”</span> <span class='ocrx_word' id='word_1_158' title='bbox 1412 1410 1692 1463; x_wconf 84' lang='lat' dir='ltr'>significatur</span> 
     </span>
     <span class='ocr_line' id='line_1_21' title="bbox 205 1470 1691 1525; baseline 0.003 -15"><span class='ocrx_word' id='word_1_159' title='bbox 205 1470 398 1511; x_wconf 85' lang='lat' dir='ltr'>ecclesia</span> <span class='ocrx_word' id='word_1_160' title='bbox 422 1471 663 1512; x_wconf 87' lang='lat' dir='ltr'>devastata</span> <span class='ocrx_word' id='word_1_161' title='bbox 688 1473 838 1525; x_wconf 92' lang='lat' dir='ltr'>quoad</span> <span class='ocrx_word' id='word_1_162' title='bbox 867 1486 1001 1513; x_wconf 91' lang='lat' dir='ltr'>omne</span> <span class='ocrx_word' id='word_1_163' title='bbox 1032 1472 1201 1512; x_wconf 90' lang='lat' dir='ltr'>bonum</span> <span class='ocrx_word' id='word_1_164' title='bbox 1233 1479 1279 1514; x_wconf 87' lang='lat' dir='ltr'>et</span> <span class='ocrx_word' id='word_1_165' title='bbox 1306 1487 1459 1514; x_wconf 88' lang='lat' dir='ltr'>verum</span> <span class='ocrx_word' id='word_1_166' title='bbox 1480 1488 1490 1523; x_wconf 92' lang='lat'>;</span> <span class='ocrx_word' id='word_1_167' title='bbox 1527 1474 1691 1514; x_wconf 90' lang='lat' dir='ltr'>devas-</span> 
     </span>
     <span class='ocr_line' id='line_1_22' title="bbox 206 1533 1692 1587; baseline 0.003 -15"><span class='ocrx_word' id='word_1_168' title='bbox 206 1533 322 1572; x_wconf 84' lang='lat' dir='ltr'>tatio</span> <span class='ocrx_word' id='word_1_169' title='bbox 347 1533 545 1586; x_wconf 89' lang='lat' dir='ltr'>plenaria</span> <span class='ocrx_word' id='word_1_170' title='bbox 567 1534 787 1574; x_wconf 91' lang='lat' dir='ltr'>ecclesiae</span> <span class='ocrx_word' id='word_1_171' title='bbox 810 1535 928 1587; x_wconf 88' lang='lat' dir='ltr'>apud</span> <span class='ocrx_word' id='word_1_172' title='bbox 954 1541 1142 1587; x_wconf 84' lang='lat' dir='ltr'>gentem</span> <span class='ocrx_word' id='word_1_173' title='bbox 1166 1535 1401 1587; x_wconf 89' lang='lat' dir='ltr'>Judaicam</span> <span class='ocrx_word' id='word_1_174' title='bbox 1424 1537 1692 1578; x_wconf 88' lang='lat' dir='ltr'>describitur</span> 
     </span>
     <span class='ocr_line' id='line_1_23' title="bbox 205 1589 1690 1652; baseline 0.003 -17"><span class='ocrx_word' id='word_1_175' title='bbox 205 1589 284 1648; x_wconf 71' lang='lat' dir='ltr'>per</span> <span class='ocrx_word' id='word_1_176' title='bbox 310 1596 536 1636; x_wconf 87' lang='lat' dir='ltr'>“calicem</span> <span class='ocrx_word' id='word_1_177' title='bbox 562 1598 725 1637; x_wconf 89' lang='lat' dir='ltr'>sororis</span> <span class='ocrx_word' id='word_1_178' title='bbox 752 1597 1020 1650; x_wconf 86' lang='lat' dir='ltr'>profundum</span> <span class='ocrx_word' id='word_1_179' title='bbox 1052 1605 1098 1638; x_wconf 90' lang='lat' dir='ltr'>et</span> <span class='ocrx_word' id='word_1_180' title='bbox 1132 1598 1316 1646; x_wconf 84' lang='lat' dir='ltr'>latum‚‘¹</span> <span class='ocrx_word' id='word_1_181' title='bbox 1342 1605 1388 1639; x_wconf 93' lang='lat' dir='ltr'>et</span> <span class='ocrx_word' id='word_1_182' title='bbox 1420 1599 1540 1652; x_wconf 92' lang='lat' dir='ltr'>quod</span> <span class='ocrx_word' id='word_1_183' title='bbox 1569 1600 1690 1639; x_wconf 86' lang='lat' dir='ltr'>“im-</span> 
     </span>
     <span class='ocr_line' id='line_1_24' title="bbox 204 1657 1688 1713; baseline 0.003 -15"><span class='ocrx_word' id='word_1_184' title='bbox 204 1657 435 1710; x_wconf 88' lang='lat' dir='ltr'>plerentur</span> <span class='ocrx_word' id='word_1_185' title='bbox 465 1659 686 1700; x_wconf 89' lang='lat' dir='ltr'>ebrietate</span> <span class='ocrx_word' id='word_1_186' title='bbox 719 1666 765 1700; x_wconf 91' lang='lat' dir='ltr'>et</span> <span class='ocrx_word' id='word_1_187' title='bbox 797 1659 1021 1707; x_wconf 86' lang='lat' dir='ltr'>tristitia,”</span> <span class='ocrx_word' id='word_1_188' title='bbox 1052 1661 1172 1713; x_wconf 91' lang='lat' dir='ltr'>quod</span> <span class='ocrx_word' id='word_1_189' title='bbox 1208 1661 1434 1701; x_wconf 84' lang='lat' dir='ltr'>“calicem</span> <span class='ocrx_word' id='word_1_190' title='bbox 1467 1662 1688 1710; x_wconf 89' lang='lat' dir='ltr'>biberent,</span> 
     </span>
     <span class='ocr_line' id='line_1_25' title="bbox 205 1721 1689 1774; baseline 0.003 -14"><span class='ocrx_word' id='word_1_191' title='bbox 205 1721 526 1773; x_wconf 87' lang='lat' dir='ltr'>exprimerent,</span> <span class='ocrx_word' id='word_1_192' title='bbox 551 1729 597 1762; x_wconf 92' lang='lat' dir='ltr'>et</span> <span class='ocrx_word' id='word_1_193' title='bbox 620 1728 766 1762; x_wconf 89' lang='lat' dir='ltr'>testas</span> <span class='ocrx_word' id='word_1_194' title='bbox 788 1722 880 1774; x_wconf 91' lang='lat' dir='ltr'>ejus</span> <span class='ocrx_word' id='word_1_195' title='bbox 903 1724 1263 1764; x_wconf 85' lang='lat' dir='ltr'>comminuerent</span> <span class='ocrx_word' id='word_1_196' title='bbox 1281 1723 1316 1763; x_wconf 87' lang='lat'>:&#39;’</span> <span class='ocrx_word' id='word_1_197' title='bbox 1347 1724 1511 1764; x_wconf 86' lang='lat' dir='ltr'>dicitur</span> <span class='ocrx_word' id='word_1_198' title='bbox 1531 1725 1689 1765; x_wconf 81' lang='lat' dir='ltr'>“calix</span> 
     </span>
     <span class='ocr_line' id='line_1_26' title="bbox 203 1782 1690 1840; baseline 0.003 -18"><span class='ocrx_word' id='word_1_199' title='bbox 203 1782 531 1823; x_wconf 86' lang='lat' dir='ltr'>devastationis</span> <span class='ocrx_word' id='word_1_200' title='bbox 567 1791 614 1824; x_wconf 90' lang='lat' dir='ltr'>et</span> <span class='ocrx_word' id='word_1_201' title='bbox 650 1785 985 1833; x_wconf 86' lang='lat' dir='ltr'>desolationis‚‘’</span> <span class='ocrx_word' id='word_1_202' title='bbox 1016 1786 1118 1838; x_wconf 89' lang='lat' dir='ltr'>quia</span> <span class='ocrx_word' id='word_1_203' title='bbox 1152 1786 1482 1826; x_wconf 87' lang='lat' dir='ltr'>“devastatio’‘</span> <span class='ocrx_word' id='word_1_204' title='bbox 1512 1789 1690 1840; x_wconf 87' lang='lat' dir='ltr'>praedi·</span> 
     </span>
     <span class='ocr_line' id='line_1_27' title="bbox 205 1846 1688 1902; baseline 0.003 -17"><span class='ocrx_word' id='word_1_205' title='bbox 205 1851 332 1886; x_wconf 86' lang='lat' dir='ltr'>catur</span> <span class='ocrx_word' id='word_1_206' title='bbox 352 1846 408 1886; x_wconf 91' lang='lat' dir='ltr'>de</span> <span class='ocrx_word' id='word_1_207' title='bbox 430 1846 564 1895; x_wconf 90' lang='lat' dir='ltr'>bono,</span> <span class='ocrx_word' id='word_1_208' title='bbox 587 1861 639 1887; x_wconf 87' lang='lat' dir='ltr'>ac</span> <span class='ocrx_word' id='word_1_209' title='bbox 665 1847 927 1888; x_wconf 87' lang='lat' dir='ltr'>“desolatio</span> <span class='ocrx_word' id='word_1_210' title='bbox 939 1848 959 1863; x_wconf 92' lang='lat'>”</span> <span class='ocrx_word' id='word_1_211' title='bbox 981 1848 1037 1889; x_wconf 91' lang='lat' dir='ltr'>de</span> <span class='ocrx_word' id='word_1_212' title='bbox 1059 1862 1179 1889; x_wconf 90' lang='lat' dir='ltr'>vero.</span> <span class='ocrx_word' id='word_1_213' title='bbox 1241 1848 1379 1902; x_wconf 91' lang='lat' dir='ltr'>Apud</span> <span class='ocrx_word' id='word_1_214' title='bbox 1403 1849 1688 1899; x_wconf 61' lang='lat' dir='ltr'>Samariam,</span> 
     </span>
    </p>
   </div>
   <div class='ocr_carea' id='block_1_6' title="bbox 270 1943 1692 2029">
    <p class='ocr_par' dir='ltr' id='par_1_7' title="bbox 270 1943 1692 2029">
     <span class='ocr_line' id='line_1_28' title="bbox 270 1943 1692 1990; baseline 0.004 -15"><span class='ocrx_word' id='word_1_215' title='bbox 270 1945 290 1958; x_wconf 91' lang='grc'>“</span> <span class='ocrx_word' id='word_1_216' title='bbox 302 1943 391 1975; x_wconf 85' lang='lat' dir='ltr'>Ecce</span> <span class='ocrx_word' id='word_1_217' title='bbox 409 1944 485 1985; x_wconf 86' lang='lat' dir='ltr'>Ego</span> <span class='ocrx_word' id='word_1_218' title='bbox 501 1955 598 1985; x_wconf 91' lang='lat' dir='ltr'>pono</span> <span class='ocrx_word' id='word_1_219' title='bbox 614 1945 904 1986; x_wconf 89' lang='lat' dir='ltr'>Hierosolymam</span> <span class='ocrx_word' id='word_1_220' title='bbox 922 1947 957 1978; x_wconf 90' lang='lat' dir='ltr'>in</span> <span class='ocrx_word' id='word_1_221' title='bbox 975 1947 1120 1978; x_wconf 91' lang='lat' dir='ltr'>calicem</span> <span class='ocrx_word' id='word_1_222' title='bbox 1136 1948 1384 1988; x_wconf 89' lang='lat' dir='ltr'>trepidationis</span> <span class='ocrx_word' id='word_1_223' title='bbox 1397 1950 1563 1981; x_wconf 91' lang='lat' dir='ltr'>omnibus</span> <span class='ocrx_word' id='word_1_224' title='bbox 1580 1959 1692 1990; x_wconf 88' lang='lat' dir='ltr'>popu·</span> 
     </span>
     <span class='ocr_line' id='line_1_29' title="bbox 377 1988 854 2029; baseline 0.002 -10"><span class='ocrx_word' id='word_1_225' title='bbox 377 1988 421 2019; x_wconf 89' lang='lat' dir='ltr'>lis</span> <span class='ocrx_word' id='word_1_226' title='bbox 438 1989 662 2020; x_wconf 84' lang='lat' dir='ltr'>circumcirca</span> <span class='ocrx_word' id='word_1_227' title='bbox 673 1988 692 2000; x_wconf 88' lang='lat'><strong>”</strong></span> <span class='ocrx_word' id='word_1_228' title='bbox 709 1990 781 2029; x_wconf 84' lang='lat' dir='ltr'>(xii.</span> <span class='ocrx_word' id='word_1_229' title='bbox 799 1991 832 2029; x_wconf 89' lang='lat'>2)</span> <span class='ocrx_word' id='word_1_230' title='bbox 846 1999 854 2028; x_wconf 85' lang='lat'>;</span> 
     </span>
    </p>
   </div>
   <div class='ocr_carea' id='block_1_7' title="bbox 205 2071 584 2125">
    <p class='ocr_par' dir='ltr' id='par_1_8' title="bbox 205 2071 584 2125">
     <span class='ocr_line' id='line_1_30' title="bbox 205 2071 584 2125; baseline 0 -13"><span class='ocrx_word' id='word_1_231' title='bbox 205 2072 323 2125; x_wconf 89' lang='lat' dir='ltr'>apud</span> <span class='ocrx_word' id='word_1_232' title='bbox 347 2071 404 2112; x_wconf 87' lang='lat' dir='ltr'><em>H</em></span> <span class='ocrx_word' id='word_1_233' title='bbox 398 2072 584 2121; x_wconf 81' lang='lat' dir='ltr'>abakuk,</span> 
     </span>
    </p>
   </div>
   <div class='ocr_carea' id='block_1_8' title="bbox 263 2153 1692 2284">
    <p class='ocr_par' dir='ltr' id='par_1_9' title="bbox 263 2153 1692 2284">
     <span class='ocr_line' id='line_1_31' title="bbox 263 2153 1690 2200; baseline 0.006 -16"><span class='ocrx_word' id='word_1_234' title='bbox 263 2153 482 2185; x_wconf 74' lang='lat' dir='ltr'>“satiaberis</span> <span class='ocrx_word' id='word_1_235' title='bbox 499 2155 697 2195; x_wconf 88' lang='lat' dir='ltr'>ignominia</span> <span class='ocrx_word' id='word_1_236' title='bbox 717 2166 800 2196; x_wconf 87' lang='lat' dir='ltr'>prae</span> <span class='ocrx_word' id='word_1_237' title='bbox 819 2157 954 2196; x_wconf 87' lang='lat' dir='ltr'>gloria:</span> <span class='ocrx_word' id='word_1_238' title='bbox 980 2159 1080 2189; x_wconf 89' lang='lat' dir='ltr'>bibes</span> <span class='ocrx_word' id='word_1_239' title='bbox 1100 2159 1207 2189; x_wconf 84' lang='lat' dir='ltr'>etiam</span> <span class='ocrx_word' id='word_1_240' title='bbox 1229 2166 1276 2196; x_wconf 85' lang='lat' dir='ltr'>tu,</span> <span class='ocrx_word' id='word_1_241' title='bbox 1294 2166 1332 2190; x_wconf 91' lang='lat' dir='ltr'>ut</span> <span class='ocrx_word' id='word_1_242' title='bbox 1351 2161 1573 2200; x_wconf 82' lang='lat' dir='ltr'>praeputium</span> <span class='ocrx_word' id='word_1_243' title='bbox 1593 2168 1690 2193; x_wconf 89' lang='lat' dir='ltr'>tuum</span> 
     </span>
     <span class='ocr_line' id='line_1_32' title="bbox 378 2199 1692 2244; baseline 0.006 -16"><span class='ocrx_word' id='word_1_244' title='bbox 378 2199 572 2235; x_wconf 76' lang='lat' dir='ltr'>reveletur:</span> <span class='ocrx_word' id='word_1_245' title='bbox 597 2199 793 2231; x_wconf 90' lang='lat' dir='ltr'>circumibit</span> <span class='ocrx_word' id='word_1_246' title='bbox 809 2202 852 2231; x_wconf 93' lang='lat' dir='ltr'>ad</span> <span class='ocrx_word' id='word_1_247' title='bbox 869 2207 904 2232; x_wconf 90' lang='lat' dir='ltr'>te</span> <span class='ocrx_word' id='word_1_248' title='bbox 924 2202 1032 2233; x_wconf 86' lang='lat' dir='ltr'>calix.</span> <span class='ocrx_word' id='word_1_249' title='bbox 1046 2201 1231 2242; x_wconf 79' lang='lat' dir='ltr'>,Jehovae,</span> <span class='ocrx_word' id='word_1_250' title='bbox 1249 2210 1286 2234; x_wconf 90' lang='lat' dir='ltr'>ut</span> <span class='ocrx_word' id='word_1_251' title='bbox 1305 2204 1458 2235; x_wconf 87' lang='lat' dir='ltr'>vomitus</span> <span class='ocrx_word' id='word_1_252' title='bbox 1478 2205 1692 2244; x_wconf 88' lang='lat' dir='ltr'>ignominio-</span> 
     </span>
     <span class='ocr_line' id='line_1_33' title="bbox 377 2243 951 2284; baseline 0.005 -12"><span class='ocrx_word' id='word_1_253' title='bbox 377 2251 438 2272; x_wconf 87' lang='lat' dir='ltr'>sus</span> <span class='ocrx_word' id='word_1_254' title='bbox 454 2251 560 2282; x_wconf 90' lang='lat' dir='ltr'>super</span> <span class='ocrx_word' id='word_1_255' title='bbox 575 2243 689 2282; x_wconf 86' lang='lat' dir='ltr'>gloria</span> <span class='ocrx_word' id='word_1_256' title='bbox 705 2250 765 2274; x_wconf 88' lang='lat' dir='ltr'>tua</span> <span class='ocrx_word' id='word_1_257' title='bbox 776 2243 794 2254; x_wconf 87' lang='lat'><strong>”</strong></span> <span class='ocrx_word' id='word_1_258' title='bbox 810 2244 858 2284; x_wconf 92' lang='lat' dir='ltr'>(ii.</span> <span class='ocrx_word' id='word_1_259' title='bbox 878 2245 931 2284; x_wconf 86' lang='lat'>16)</span> <span class='ocrx_word' id='word_1_260' title='bbox 945 2256 951 2276; x_wconf 93' lang='lat'>:</span> 
     </span>
    </p>
   </div>
   <div class='ocr_carea' id='block_1_9' title="bbox 188 2338 1690 2578">
    <p class='ocr_par' dir='ltr' id='par_1_10' title="bbox 188 2338 1690 2578">
     <span class='ocr_line' id='line_1_34' title="bbox 209 2338 1690 2396; baseline 0.004 -16"><span class='ocrx_word' id='word_1_261' title='bbox 209 2338 399 2380; x_wconf 74' lang='lat' dir='ltr'>“calix‘’</span> <span class='ocrx_word' id='word_1_262' title='bbox 424 2353 504 2392; x_wconf 90' lang='lat' dir='ltr'>pro</span> <span class='ocrx_word' id='word_1_263' title='bbox 529 2339 768 2381; x_wconf 86' lang='lat' dir='ltr'>falsificato</span> <span class='ocrx_word' id='word_1_264' title='bbox 793 2355 915 2389; x_wconf 87' lang='lat' dir='ltr'>vero,</span> <span class='ocrx_word' id='word_1_265' title='bbox 944 2343 1064 2396; x_wconf 91' lang='lat' dir='ltr'>quod</span> <span class='ocrx_word' id='word_1_266' title='bbox 1097 2344 1139 2383; x_wconf 91' lang='lat' dir='ltr'>in</span> <span class='ocrx_word' id='word_1_267' title='bbox 1173 2358 1220 2384; x_wconf 90' lang='lat' dir='ltr'>se</span> <span class='ocrx_word' id='word_1_268' title='bbox 1252 2351 1321 2384; x_wconf 88' lang='lat' dir='ltr'>est</span> <span class='ocrx_word' id='word_1_269' title='bbox 1353 2345 1527 2393; x_wconf 71' lang='lat' dir='ltr'>falsum,</span> <span class='ocrx_word' id='word_1_270' title='bbox 1556 2353 1601 2386; x_wconf 89' lang='lat' dir='ltr'>et</span> <span class='ocrx_word' id='word_1_271' title='bbox 1634 2347 1690 2387; x_wconf 94' lang='lat' dir='ltr'>de</span> 
     </span>
     <span class='ocr_line' id='line_1_35' title="bbox 188 2403 1688 2460; baseline 0.005 -19"><span class='ocrx_word' id='word_1_272' title='bbox 188 2415 294 2454; x_wconf 24' lang='lat' dir='ltr'>‘quo</span> <span class='ocrx_word' id='word_1_273' title='bbox 330 2403 614 2454; x_wconf 83' lang='lat' dir='ltr'>praedicatur</span> <span class='ocrx_word' id='word_1_274' title='bbox 653 2405 887 2445; x_wconf 84' lang='lat' dir='ltr'>“vomitus</span> <span class='ocrx_word' id='word_1_275' title='bbox 923 2405 1247 2457; x_wconf 85' lang='lat' dir='ltr'>ignominiosus</span> <span class='ocrx_word' id='word_1_276' title='bbox 1266 2407 1300 2455; x_wconf 89' lang='lat'>;&#39;&#39;</span> <span class='ocrx_word' id='word_1_277' title='bbox 1341 2421 1475 2460; x_wconf 90' lang='lat' dir='ltr'>quare</span> <span class='ocrx_word' id='word_1_278' title='bbox 1512 2409 1688 2457; x_wconf 89' lang='lat' dir='ltr'>dicitur,</span> 
     </span>
     <span class='ocr_line' id='line_1_36' title="bbox 209 2464 1688 2521; baseline 0.005 -18"><span class='ocrx_word' id='word_1_279' title='bbox 209 2464 378 2516; x_wconf 82' lang='lat' dir='ltr'>“super</span> <span class='ocrx_word' id='word_1_280' title='bbox 413 2464 557 2517; x_wconf 87' lang='lat' dir='ltr'>gloria</span> <span class='ocrx_word' id='word_1_281' title='bbox 593 2471 671 2505; x_wconf 86' lang='lat' dir='ltr'>tua</span> <span class='ocrx_word' id='word_1_282' title='bbox 687 2465 722 2516; x_wconf 84' lang='lat'>;”</span> <span class='ocrx_word' id='word_1_283' title='bbox 763 2480 841 2519; x_wconf 88' lang='lat' dir='ltr'>per</span> <span class='ocrx_word' id='word_1_284' title='bbox 874 2467 1104 2519; x_wconf 88' lang='lat' dir='ltr'>“gloriam</span> <span class='ocrx_word' id='word_1_285' title='bbox 1118 2468 1137 2482; x_wconf 82' lang='lat'>’²</span> <span class='ocrx_word' id='word_1_286' title='bbox 1170 2468 1447 2521; x_wconf 80' lang='lat' dir='ltr'>significatur</span> <span class='ocrx_word' id='word_1_287' title='bbox 1478 2470 1688 2511; x_wconf 88' lang='lat' dir='ltr'>Divinum</span> 
     </span>
     <span class='ocr_line' id='line_1_37' title="bbox 206 2525 988 2578; baseline 0.005 -12"><span class='ocrx_word' id='word_1_288' title='bbox 206 2525 378 2567; x_wconf 90' lang='lat' dir='ltr'>Verum</span> <span class='ocrx_word' id='word_1_289' title='bbox 403 2527 447 2567; x_wconf 92' lang='lat' dir='ltr'>in</span> <span class='ocrx_word' id='word_1_290' title='bbox 474 2527 640 2569; x_wconf 88' lang='lat' dir='ltr'>Verbo.</span> <span class='ocrx_word' id='word_1_291' title='bbox 703 2529 754 2568; x_wconf 92' lang='lat' dir='ltr'>In</span> <span class='ocrx_word' id='word_1_292' title='bbox 789 2529 988 2578; x_wconf 83' lang='lat' dir='ltr'>Tltrem&#39;s,</span> 
     </span>
    </p>
   </div>
   <div class='ocr_carea' id='block_1_10' title="bbox 272 2625 1690 2712">
    <p class='ocr_par' dir='ltr' id='par_1_11' title="bbox 272 2625 1690 2712">
     <span class='ocr_line' id='line_1_38' title="bbox 272 2625 1690 2669; baseline 0.006 -13"><span class='ocrx_word' id='word_1_293' title='bbox 272 2625 422 2657; x_wconf 88' lang='lat' dir='ltr'>“Gaude</span> <span class='ocrx_word' id='word_1_294' title='bbox 439 2633 474 2657; x_wconf 91' lang='lat' dir='ltr'>et</span> <span class='ocrx_word' id='word_1_295' title='bbox 491 2627 631 2664; x_wconf 80' lang='lat' dir='ltr'>laetare,</span> <span class='ocrx_word' id='word_1_296' title='bbox 649 2628 720 2658; x_wconf 85' lang='lat' dir='ltr'>filia</span> <span class='ocrx_word' id='word_1_297' title='bbox 739 2628 865 2660; x_wconf 88' lang='lat' dir='ltr'>Edomi</span> <span class='ocrx_word' id='word_1_298' title='bbox 881 2638 904 2663; x_wconf 86' lang='lat'>:.</span> <span class='ocrx_word' id='word_1_299' title='bbox 918 2654 926 2660; x_wconf 92' lang='lat'>.</span> <span class='ocrx_word' id='word_1_300' title='bbox 940 2630 1062 2661; x_wconf 76' lang='lat' dir='ltr'>‚etiam</span> <span class='ocrx_word' id='word_1_301' title='bbox 1080 2630 1123 2661; x_wconf 90' lang='lat' dir='ltr'>ad</span> <span class='ocrx_word' id='word_1_302' title='bbox 1141 2636 1175 2661; x_wconf 92' lang='lat' dir='ltr'>te</span> <span class='ocrx_word' id='word_1_303' title='bbox 1193 2631 1358 2662; x_wconf 88' lang='lat' dir='ltr'>transibit</span> <span class='ocrx_word' id='word_1_304' title='bbox 1374 2631 1475 2669; x_wconf 82' lang='lat' dir='ltr'>calix,</span> <span class='ocrx_word' id='word_1_305' title='bbox 1493 2632 1690 2665; x_wconf 90' lang='lat' dir='ltr'>inebriabe-</span> 
     </span>
     <span class='ocr_line' id='line_1_39' title="bbox 379 2669 900 2712; baseline 0.008 -12"><span class='ocrx_word' id='word_1_306' title='bbox 379 2669 426 2701; x_wconf 90' lang='lat' dir='ltr'>ris</span> <span class='ocrx_word' id='word_1_307' title='bbox 442 2677 477 2702; x_wconf 91' lang='lat' dir='ltr'>et</span> <span class='ocrx_word' id='word_1_308' title='bbox 494 2671 707 2703; x_wconf 91' lang='lat' dir='ltr'>revelaberis</span> <span class='ocrx_word' id='word_1_309' title='bbox 717 2671 735 2683; x_wconf 94' lang='lat'>”</span> <span class='ocrx_word' id='word_1_310' title='bbox 750 2673 808 2711; x_wconf 82' lang='lat' dir='ltr'>(iv.</span> <span class='ocrx_word' id='word_1_311' title='bbox 826 2674 900 2712; x_wconf 86' lang='lat'>21):</span> 
     </span>
    </p>
   </div>
   <div class='ocr_carea' id='block_1_11' title="bbox 209 2756 1656 2814">
    <p class='ocr_par' dir='ltr' id='par_1_12' title="bbox 209 2756 1656 2814">
     <span class='ocr_line' id='line_1_40' title="bbox 209 2756 1656 2814; baseline 0.006 -18"><span class='ocrx_word' id='word_1_312' title='bbox 209 2756 368 2797; x_wconf 87' lang='lat' dir='ltr'>similia</span> <span class='ocrx_word' id='word_1_313' title='bbox 392 2757 464 2798; x_wconf 87' lang='lat' dir='ltr'>hic</span> <span class='ocrx_word' id='word_1_314' title='bbox 491 2771 569 2811; x_wconf 90' lang='lat' dir='ltr'>per</span> <span class='ocrx_word' id='word_1_315' title='bbox 596 2758 852 2800; x_wconf 89' lang='lat' dir='ltr'>“calicem”</span> <span class='ocrx_word' id='word_1_316' title='bbox 879 2760 1199 2813; x_wconf 87' lang='lat' dir='ltr'>significantur.</span> <span class='ocrx_word' id='word_1_317' title='bbox 1260 2761 1397 2814; x_wconf 89' lang='lat' dir='ltr'>Apud</span> <span class='ocrx_word' id='word_1_318' title='bbox 1423 2762 1656 2812; x_wconf 78' lang='lat' dir='ltr'>Davidem,</span> 
     </span>
    </p>
   </div>
   <div class='ocr_carea' id='block_1_12' title="bbox 279 2840 1689 2931">
    <p class='ocr_par' dir='ltr' id='par_1_13' title="bbox 279 2840 1689 2931">
     <span class='ocr_line' id='line_1_41' title="bbox 279 2840 1689 2891; baseline 0.007 -19"><span class='ocrx_word' id='word_1_319' title='bbox 279 2840 440 2883; x_wconf 80' lang='lat' dir='ltr'>Jehovah</span> <span class='ocrx_word' id='word_1_320' title='bbox 457 2843 582 2883; x_wconf 85' lang='lat' dir='ltr'>“pluet</span> <span class='ocrx_word' id='word_1_321' title='bbox 600 2854 707 2884; x_wconf 88' lang='lat' dir='ltr'>super</span> <span class='ocrx_word' id='word_1_322' title='bbox 723 2845 850 2885; x_wconf 90' lang='lat' dir='ltr'>impios</span> <span class='ocrx_word' id='word_1_323' title='bbox 870 2846 1025 2886; x_wconf 86' lang='lat' dir='ltr'>laqueos,</span> <span class='ocrx_word' id='word_1_324' title='bbox 1043 2847 1161 2886; x_wconf 90' lang='lat' dir='ltr'>ignem</span> <span class='ocrx_word' id='word_1_325' title='bbox 1179 2853 1214 2878; x_wconf 85' lang='lat' dir='ltr'>et</span> <span class='ocrx_word' id='word_1_326' title='bbox 1234 2848 1389 2888; x_wconf 88' lang='lat' dir='ltr'>sulphur,</span> <span class='ocrx_word' id='word_1_327' title='bbox 1409 2855 1444 2880; x_wconf 89' lang='lat' dir='ltr'>et</span> <span class='ocrx_word' id='word_1_328' title='bbox 1461 2856 1588 2882; x_wconf 83' lang='lat' dir='ltr'>ventus</span> <span class='ocrx_word' id='word_1_329' title='bbox 1608 2860 1689 2891; x_wconf 90' lang='lat' dir='ltr'>pro-</span> 
     </span>
     <span class='ocr_line' id='line_1_42' title="bbox 381 2886 1202 2931; baseline 0.006 -14"><span class='ocrx_word' id='word_1_330' title='bbox 381 2886 546 2918; x_wconf 87' lang='lat' dir='ltr'>cellarum</span> <span class='ocrx_word' id='word_1_331' title='bbox 565 2889 681 2928; x_wconf 87' lang='lat' dir='ltr'>portio</span> <span class='ocrx_word' id='word_1_332' title='bbox 698 2889 814 2920; x_wconf 87' lang='lat' dir='ltr'>calicis</span> <span class='ocrx_word' id='word_1_333' title='bbox 831 2899 953 2921; x_wconf 90' lang='lat' dir='ltr'>eorum</span> <span class='ocrx_word' id='word_1_334' title='bbox 963 2889 981 2901; x_wconf 79' lang='lat'>&#39;¹</span> <span class='ocrx_word' id='word_1_335' title='bbox 999 2890 1070 2929; x_wconf 88' lang='lat' dir='ltr'>(Ps.</span> <span class='ocrx_word' id='word_1_336' title='bbox 1088 2891 1131 2922; x_wconf 85' lang='lat' dir='ltr'>xi.</span> <span class='ocrx_word' id='word_1_337' title='bbox 1149 2891 1202 2931; x_wconf 84' lang='lat'>6);</span> 
     </span>
    </p>
   </div>
  </div>
 </body>
</html>
