<?xml version="1.0" encoding="UTF-8"?>
<!DOCTYPE html PUBLIC "-//W3C//DTD XHTML 1.0 Transitional//EN"
    "http://www.w3.org/TR/xhtml1/DTD/xhtml1-transitional.dtd">
<html xmlns="http://www.w3.org/1999/xhtml" xml:lang="en" lang="en">
 <head>
  <title>
</title>
<meta http-equiv="Content-Type" content="text/html;charset=utf-8" />
  <meta name='ocr-system' content='tesseract 3.04.00' />
  <meta name='ocr-capabilities' content='ocr_page ocr_carea ocr_par ocr_line ocrx_word'/>
</head>
<body>
  <div class='ocr_page' id='page_1' title='image "apocalypsisexpli05sweduoft_0089.png"; bbox 0 0 1962 3328; ppageno 0'>
   <div class='ocr_carea' id='block_1_1' title="bbox 594 250 1693 302">
    <p class='ocr_par' dir='ltr' id='par_1_1' title="bbox 594 250 1693 302">
     <span class='ocr_line' id='line_1_1' title="bbox 594 250 1693 302; baseline -0.001 -11"><span class='ocrx_word' id='word_1_1' title='bbox 594 258 700 291; x_wconf 78' lang='lat' dir='ltr'><strong>CAP.</strong></span> <span class='ocrx_word' id='word_1_2' title='bbox 724 259 839 298; x_wconf 78' lang='lat' dir='ltr'>XVI..</span> <span class='ocrx_word' id='word_1_3' title='bbox 862 259 999 291; x_wconf 85' lang='lat' dir='ltr'>VERS.</span> <span class='ocrx_word' id='word_1_4' title='bbox 1028 258 1197 290; x_wconf 84' lang='lat' dir='ltr'>10.—N.</span> <span class='ocrx_word' id='word_1_5' title='bbox 1219 259 1316 302; x_wconf 87' lang='lat'>990.</span> <span class='ocrx_word' id='word_1_6' title='bbox 1586 250 1693 302; x_wconf 85' lang='lat'><strong>2561</strong></span> 
     </span>
    </p>
   </div>
   <div class='ocr_carea' id='block_1_2' title="bbox 212 369 1698 549">
    <p class='ocr_par' dir='ltr' id='par_1_2' title="bbox 212 369 1698 549">
     <span class='ocr_line' id='line_1_2' title="bbox 212 369 1695 424; baseline 0.001 -15"><span class='ocrx_word' id='word_1_7' title='bbox 212 369 333 422; x_wconf 91' lang='lat' dir='ltr'>quod</span> <span class='ocrx_word' id='word_1_8' title='bbox 358 369 415 410; x_wconf 90' lang='lat' dir='ltr'>sit</span> <span class='ocrx_word' id='word_1_9' title='bbox 446 369 684 411; x_wconf 87' lang='lat' dir='ltr'>fastidium.</span> <span class='ocrx_word' id='word_1_10' title='bbox 745 370 880 424; x_wconf 82' lang='lat' dir='ltr'>Quod</span> <span class='ocrx_word' id='word_1_11' title='bbox 911 384 990 424; x_wconf 90' lang='lat' dir='ltr'>per</span> <span class='ocrx_word' id='word_1_12' title='bbox 1016 371 1269 411; x_wconf 83' lang='lat' dir='ltr'>“mandere</span> <span class='ocrx_word' id='word_1_13' title='bbox 1296 370 1471 423; x_wconf 86' lang='lat' dir='ltr'>linguas</span> <span class='ocrx_word' id='word_1_14' title='bbox 1485 370 1505 384; x_wconf 87' lang='lat'>”</span> <span class='ocrx_word' id='word_1_15' title='bbox 1526 369 1695 423; x_wconf 85' lang='lat' dir='ltr'>signifi—</span> 
     </span>
     <span class='ocr_line' id='line_1_3' title="bbox 212 433 1694 486; baseline 0.001 -15"><span class='ocrx_word' id='word_1_16' title='bbox 212 440 342 472; x_wconf 83' lang='lat' dir='ltr'>cetur</span> <span class='ocrx_word' id='word_1_17' title='bbox 370 446 461 472; x_wconf 90' lang='lat' dir='ltr'>non</span> <span class='ocrx_word' id='word_1_18' title='bbox 491 433 608 474; x_wconf 92' lang='lat' dir='ltr'>velle</span> <span class='ocrx_word' id='word_1_19' title='bbox 639 435 867 486; x_wconf 86' lang='lat' dir='ltr'>percipere</span> <span class='ocrx_word' id='word_1_20' title='bbox 898 441 944 474; x_wconf 90' lang='lat' dir='ltr'>et</span> <span class='ocrx_word' id='word_1_21' title='bbox 979 434 1091 474; x_wconf 91' lang='lat' dir='ltr'>scire</span> <span class='ocrx_word' id='word_1_22' title='bbox 1122 434 1317 486; x_wconf 85' lang='lat' dir='ltr'>genuina</span> <span class='ocrx_word' id='word_1_23' title='bbox 1347 433 1468 473; x_wconf 90' lang='lat' dir='ltr'>bona</span> <span class='ocrx_word' id='word_1_24' title='bbox 1497 439 1543 473; x_wconf 91' lang='lat' dir='ltr'>et</span> <span class='ocrx_word' id='word_1_25' title='bbox 1574 446 1694 480; x_wconf 92' lang='lat' dir='ltr'>vera,</span> 
     </span>
     <span class='ocr_line' id='line_1_4' title="bbox 212 495 1698 549; baseline 0.001 -15"><span class='ocrx_word' id='word_1_26' title='bbox 212 498 293 534; x_wconf 67' lang='lat' dir='ltr'>est&#39;</span> <span class='ocrx_word' id='word_1_27' title='bbox 313 495 416 548; x_wconf 87' lang='lat' dir='ltr'>quia</span> <span class='ocrx_word' id='word_1_28' title='bbox 446 508 524 548; x_wconf 91' lang='lat' dir='ltr'>per</span> <span class='ocrx_word' id='word_1_29' title='bbox 550 495 788 549; x_wconf 83' lang='lat' dir='ltr'>“linguam</span> <span class='ocrx_word' id='word_1_30' title='bbox 800 496 820 511; x_wconf 86' lang='lat'>&#39;’</span> <span class='ocrx_word' id='word_1_31' title='bbox 840 495 1116 549; x_wconf 86' lang='lat' dir='ltr'>significatur</span> <span class='ocrx_word' id='word_1_32' title='bbox 1142 496 1373 548; x_wconf 88' lang='lat' dir='ltr'>perceptio</span> <span class='ocrx_word' id='word_1_33' title='bbox 1404 496 1511 542; x_wconf 85' lang='lat' dir='ltr'>veri,</span> <span class='ocrx_word' id='word_1_34' title='bbox 1539 501 1586 535; x_wconf 88' lang='lat' dir='ltr'>et</span> <span class='ocrx_word' id='word_1_35' title='bbox 1618 508 1698 546; x_wconf 91' lang='lat' dir='ltr'>per</span> 
     </span>
    </p>
   </div>
   <div class='ocr_carea' id='block_1_3' title="bbox 151 557 1698 611">
    <p class='ocr_par' dir='ltr' id='par_1_3' title="bbox 151 557 1698 611">
     <span class='ocr_line' id='line_1_5' title="bbox 151 557 1698 611; baseline 0 -14"><span class='ocrx_word' id='word_1_36' title='bbox 151 577 153 579; x_wconf 97' lang='lat'>·</span> <span class='ocrx_word' id='word_1_37' title='bbox 215 557 466 598; x_wconf 84' lang='lat' dir='ltr'>“mandere</span> <span class='ocrx_word' id='word_1_38' title='bbox 507 558 737 611; x_wconf 83' lang='lat' dir='ltr'>linguam”</span> <span class='ocrx_word' id='word_1_39' title='bbox 767 560 963 599; x_wconf 92' lang='lat' dir='ltr'>retentio</span> <span class='ocrx_word' id='word_1_40' title='bbox 998 558 1117 611; x_wconf 89' lang='lat' dir='ltr'>ejus;</span> <span class='ocrx_word' id='word_1_41' title='bbox 1162 558 1385 611; x_wconf 81' lang='lat' dir='ltr'>“lingua”</span> <span class='ocrx_word' id='word_1_42' title='bbox 1415 559 1534 598; x_wconf 91' lang='lat' dir='ltr'>enim</span> <span class='ocrx_word' id='word_1_43' title='bbox 1574 558 1698 597; x_wconf 84' lang='lat' dir='ltr'>varia</span> 
     </span>
    </p>
   </div>
   <div class='ocr_carea' id='block_1_4' title="bbox 0 0 93 3328">
    <p class='ocr_par' dir='ltr' id='par_1_4' title="bbox 0 0 93 3328">
     <span class='ocr_line' id='line_1_6' title="bbox 0 0 93 3328; baseline 0 0"><span class='ocrx_word' id='word_1_44' title='bbox 0 0 93 3328; x_wconf 95' lang='lat' dir='ltr'> </span> 
     </span>
    </p>
   </div>
   <div class='ocr_carea' id='block_1_5' title="bbox 167 619 1697 2830">
    <p class='ocr_par' dir='ltr' id='par_1_5' title="bbox 167 619 1697 2241">
     <span class='ocr_line' id='line_1_7' title="bbox 212 619 1695 680; baseline 0.001 -21"><span class='ocrx_word' id='word_1_45' title='bbox 212 619 451 672; x_wconf 84' lang='lat' dir='ltr'>significat,</span> <span class='ocrx_word' id='word_1_46' title='bbox 484 622 586 674; x_wconf 88' lang='lat' dir='ltr'>quia</span> <span class='ocrx_word' id='word_1_47' title='bbox 620 629 691 662; x_wconf 91' lang='lat' dir='ltr'>est</span> <span class='ocrx_word' id='word_1_48' title='bbox 726 635 944 674; x_wconf 87' lang='lat' dir='ltr'>organum</span> <span class='ocrx_word' id='word_1_49' title='bbox 977 628 1070 662; x_wconf 91' lang='lat' dir='ltr'>tam</span> <span class='ocrx_word' id='word_1_50' title='bbox 1108 620 1314 674; x_wconf 90' lang='lat' dir='ltr'>loquelae</span> <span class='ocrx_word' id='word_1_51' title='bbox 1344 634 1478 674; x_wconf 91' lang='lat' dir='ltr'>quam</span> <span class='ocrx_word' id='word_1_52' title='bbox 1509 627 1695 680; x_wconf 33' lang='lat' dir='ltr'>gustnus;</span> 
     </span>
     <span class='ocr_line' id='line_1_8' title="bbox 212 683 1695 737; baseline 0 -15"><span class='ocrx_word' id='word_1_53' title='bbox 212 689 259 722; x_wconf 89' lang='lat' dir='ltr'>et</span> <span class='ocrx_word' id='word_1_54' title='bbox 290 683 402 723; x_wconf 89' lang='lat' dir='ltr'>sicut</span> <span class='ocrx_word' id='word_1_55' title='bbox 428 697 646 735; x_wconf 88' lang='lat' dir='ltr'>organum</span> <span class='ocrx_word' id='word_1_56' title='bbox 672 684 877 737; x_wconf 90' lang='lat' dir='ltr'>loquelae</span> <span class='ocrx_word' id='word_1_57' title='bbox 901 683 1123 737; x_wconf 88' lang='lat' dir='ltr'>significat</span> <span class='ocrx_word' id='word_1_58' title='bbox 1149 683 1491 730; x_wconf 87' lang='lat' dir='ltr'>confessionem,</span> <span class='ocrx_word' id='word_1_59' title='bbox 1519 683 1695 736; x_wconf 86' lang='lat' dir='ltr'>cogita-</span> 
     </span>
     <span class='ocr_line' id='line_1_9' title="bbox 211 744 1695 799; baseline 0 -15"><span class='ocrx_word' id='word_1_60' title='bbox 211 745 381 785; x_wconf 91' lang='lat' dir='ltr'>tionem</span> <span class='ocrx_word' id='word_1_61' title='bbox 413 753 460 786; x_wconf 88' lang='lat' dir='ltr'>et</span> <span class='ocrx_word' id='word_1_62' title='bbox 490 746 766 799; x_wconf 86' lang='lat' dir='ltr'>religionem,</span> <span class='ocrx_word' id='word_1_63' title='bbox 799 754 846 787; x_wconf 90' lang='lat' dir='ltr'>et</span> <span class='ocrx_word' id='word_1_64' title='bbox 882 748 996 788; x_wconf 88' lang='lat' dir='ltr'>sicut</span> <span class='ocrx_word' id='word_1_65' title='bbox 1033 759 1251 799; x_wconf 87' lang='lat' dir='ltr'>organum</span> <span class='ocrx_word' id='word_1_66' title='bbox 1283 753 1441 798; x_wconf 86' lang='lat' dir='ltr'>gustus</span> <span class='ocrx_word' id='word_1_67' title='bbox 1472 744 1695 798; x_wconf 87' lang='lat' dir='ltr'>significat</span> 
     </span>
     <span class='ocr_line' id='line_1_10' title="bbox 211 808 1693 862; baseline 0.001 -15"><span class='ocrx_word' id='word_1_68' title='bbox 211 809 548 860; x_wconf 86' lang='lat' dir='ltr'>perceptionem</span> <span class='ocrx_word' id='word_1_69' title='bbox 566 809 671 849; x_wconf 91' lang='lat' dir='ltr'>boni</span> <span class='ocrx_word' id='word_1_70' title='bbox 688 816 734 850; x_wconf 87' lang='lat' dir='ltr'>et</span> <span class='ocrx_word' id='word_1_71' title='bbox 751 811 843 850; x_wconf 89' lang='lat' dir='ltr'>veri</span> <span class='ocrx_word' id='word_1_72' title='bbox 862 810 1111 850; x_wconf 85' lang='lat' dir='ltr'>naturalem</span> <span class='ocrx_word' id='word_1_73' title='bbox 1127 824 1137 859; x_wconf 87' lang='lat'><em>;</em></span> <span class='ocrx_word' id='word_1_74' title='bbox 1157 814 1182 829; x_wconf 75' lang='lat'>‘⁸</span> <span class='ocrx_word' id='word_1_75' title='bbox 1195 808 1383 850; x_wconf 60' lang='lat' dir='ltr'>olfactus</span> <span class='ocrx_word' id='word_1_76' title='bbox 1395 809 1414 823; x_wconf 88' lang='lat'>’&#39;</span> <span class='ocrx_word' id='word_1_77' title='bbox 1428 816 1579 849; x_wconf 89' lang='lat' dir='ltr'>autem</span> <span class='ocrx_word' id='word_1_78' title='bbox 1594 822 1693 862; x_wconf 91' lang='lat' dir='ltr'>per-</span> 
     </span>
     <span class='ocr_line' id='line_1_11' title="bbox 212 871 1693 924; baseline 0.001 -15"><span class='ocrx_word' id='word_1_79' title='bbox 212 871 466 922; x_wconf 86' lang='lat' dir='ltr'>ceptionem</span> <span class='ocrx_word' id='word_1_80' title='bbox 488 871 593 911; x_wconf 91' lang='lat' dir='ltr'>boni</span> <span class='ocrx_word' id='word_1_81' title='bbox 618 879 664 911; x_wconf 92' lang='lat' dir='ltr'>et</span> <span class='ocrx_word' id='word_1_82' title='bbox 689 873 780 912; x_wconf 92' lang='lat' dir='ltr'>veri</span> <span class='ocrx_word' id='word_1_83' title='bbox 806 872 1108 924; x_wconf 88' lang='lat' dir='ltr'>spiritualem;</span> <span class='ocrx_word' id='word_1_84' title='bbox 1142 872 1295 924; x_wconf 88' lang='lat' dir='ltr'>lingua</span> <span class='ocrx_word' id='word_1_85' title='bbox 1320 872 1439 912; x_wconf 91' lang='lat' dir='ltr'>enim</span> <span class='ocrx_word' id='word_1_86' title='bbox 1465 878 1621 924; x_wconf 86' lang='lat' dir='ltr'>gustat</span> <span class='ocrx_word' id='word_1_87' title='bbox 1646 877 1693 911; x_wconf 88' lang='lat' dir='ltr'>et</span> 
     </span>
     <span class='ocr_line' id='line_1_12' title="bbox 167 933 1696 987; baseline 0.002 -16"><span class='ocrx_word' id='word_1_88' title='bbox 167 966 172 970; x_wconf 91' lang='lat'>.</span> <span class='ocrx_word' id='word_1_89' title='bbox 211 934 328 985; x_wconf 89' lang='lat' dir='ltr'>sapit</span> <span class='ocrx_word' id='word_1_90' title='bbox 354 934 478 974; x_wconf 87' lang='lat' dir='ltr'>cibos</span> <span class='ocrx_word' id='word_1_91' title='bbox 504 941 549 974; x_wconf 89' lang='lat' dir='ltr'>et</span> <span class='ocrx_word' id='word_1_92' title='bbox 572 942 718 986; x_wconf 86' lang='lat' dir='ltr'>potus,</span> <span class='ocrx_word' id='word_1_93' title='bbox 737 942 783 975; x_wconf 90' lang='lat' dir='ltr'>et</span> <span class='ocrx_word' id='word_1_94' title='bbox 809 948 887 987; x_wconf 91' lang='lat' dir='ltr'>per</span> <span class='ocrx_word' id='word_1_95' title='bbox 903 935 1095 975; x_wconf 85' lang='lat' dir='ltr'>“cibos‘&#39;</span> <span class='ocrx_word' id='word_1_96' title='bbox 1109 942 1155 975; x_wconf 91' lang='lat' dir='ltr'>et</span> <span class='ocrx_word' id='word_1_97' title='bbox 1172 939 1343 987; x_wconf 88' lang='lat' dir='ltr'>“potus</span> <span class='ocrx_word' id='word_1_98' title='bbox 1354 934 1374 948; x_wconf 84' lang='lat'>‘¹</span> <span class='ocrx_word' id='word_1_99' title='bbox 1388 933 1696 987; x_wconf 87' lang='lat' dir='ltr'>significantur</span> 
     </span>
     <span class='ocr_line' id='line_1_13' title="bbox 210 995 1694 1050; baseline 0.001 -15"><span class='ocrx_word' id='word_1_100' title='bbox 210 995 330 1035; x_wconf 90' lang='lat' dir='ltr'>bona</span> <span class='ocrx_word' id='word_1_101' title='bbox 350 1003 396 1035; x_wconf 91' lang='lat' dir='ltr'>et</span> <span class='ocrx_word' id='word_1_102' title='bbox 418 1010 536 1043; x_wconf 88' lang='lat' dir='ltr'>vera,</span> <span class='ocrx_word' id='word_1_103' title='bbox 555 1010 669 1050; x_wconf 87' lang='lat' dir='ltr'>quae</span> <span class='ocrx_word' id='word_1_104' title='bbox 690 998 891 1037; x_wconf 88' lang='lat' dir='ltr'>nutriunt</span> <span class='ocrx_word' id='word_1_105' title='bbox 914 1004 1114 1037; x_wconf 89' lang='lat' dir='ltr'>mentem</span> <span class='ocrx_word' id='word_1_106' title='bbox 1133 997 1384 1037; x_wconf 85' lang='lat' dir='ltr'>naturalem</span> <span class='ocrx_word' id='word_1_107' title='bbox 1402 1012 1411 1046; x_wconf 91' lang='lat'><em>;</em></span> <span class='ocrx_word' id='word_1_108' title='bbox 1439 998 1694 1050; x_wconf 86' lang='lat' dir='ltr'>perceptio-</span> 
     </span>
     <span class='ocr_line' id='line_1_14' title="bbox 211 1058 1696 1112; baseline 0.002 -16"><span class='ocrx_word' id='word_1_109' title='bbox 211 1070 314 1097; x_wconf 90' lang='lat' dir='ltr'>nem</span> <span class='ocrx_word' id='word_1_110' title='bbox 337 1058 459 1098; x_wconf 89' lang='lat' dir='ltr'>illam</span> <span class='ocrx_word' id='word_1_111' title='bbox 481 1072 570 1099; x_wconf 92' lang='lat' dir='ltr'>non</span> <span class='ocrx_word' id='word_1_112' title='bbox 587 1059 703 1099; x_wconf 90' lang='lat' dir='ltr'>velle</span> <span class='ocrx_word' id='word_1_113' title='bbox 720 1060 899 1108; x_wconf 89' lang='lat' dir='ltr'>habere,</span> <span class='ocrx_word' id='word_1_114' title='bbox 918 1074 995 1100; x_wconf 89' lang='lat' dir='ltr'>seu</span> <span class='ocrx_word' id='word_1_115' title='bbox 1012 1073 1102 1100; x_wconf 91' lang='lat' dir='ltr'>non</span> <span class='ocrx_word' id='word_1_116' title='bbox 1121 1059 1238 1100; x_wconf 92' lang='lat' dir='ltr'>velle</span> <span class='ocrx_word' id='word_1_117' title='bbox 1257 1060 1482 1112; x_wconf 91' lang='lat' dir='ltr'>percipere</span> <span class='ocrx_word' id='word_1_118' title='bbox 1499 1060 1696 1112; x_wconf 83' lang='lat' dir='ltr'>genuina</span> 
     </span>
     <span class='ocr_line' id='line_1_15' title="bbox 211 1121 1694 1175; baseline 0.001 -15"><span class='ocrx_word' id='word_1_119' title='bbox 211 1121 331 1160; x_wconf 91' lang='lat' dir='ltr'>bona</span> <span class='ocrx_word' id='word_1_120' title='bbox 361 1128 407 1161; x_wconf 93' lang='lat' dir='ltr'>et</span> <span class='ocrx_word' id='word_1_121' title='bbox 438 1135 557 1168; x_wconf 85' lang='lat' dir='ltr'>vera,</span> <span class='ocrx_word' id='word_1_122' title='bbox 590 1121 864 1174; x_wconf 85' lang='lat' dir='ltr'>significatur</span> <span class='ocrx_word' id='word_1_123' title='bbox 895 1136 974 1175; x_wconf 91' lang='lat' dir='ltr'>per</span> <span class='ocrx_word' id='word_1_124' title='bbox 1007 1123 1259 1162; x_wconf 86' lang='lat' dir='ltr'>“mandere</span> <span class='ocrx_word' id='word_1_125' title='bbox 1291 1122 1505 1175; x_wconf 85' lang='lat' dir='ltr'>linguas.”</span> <span class='ocrx_word' id='word_1_126' title='bbox 1566 1122 1694 1163; x_wconf 91' lang='lat' dir='ltr'>Haec</span> 
     </span>
     <span class='ocr_line' id='line_1_16' title="bbox 210 1183 1696 1236; baseline 0.002 -14"><span class='ocrx_word' id='word_1_127' title='bbox 210 1183 268 1223; x_wconf 90' lang='lat' dir='ltr'>de</span> <span class='ocrx_word' id='word_1_128' title='bbox 288 1183 373 1223; x_wconf 93' lang='lat' dir='ltr'>illis</span> <span class='ocrx_word' id='word_1_129' title='bbox 395 1184 467 1236; x_wconf 92' lang='lat' dir='ltr'>qui</span> <span class='ocrx_word' id='word_1_130' title='bbox 485 1183 618 1223; x_wconf 87' lang='lat' dir='ltr'>fidem</span> <span class='ocrx_word' id='word_1_131' title='bbox 635 1192 846 1236; x_wconf 88' lang='lat' dir='ltr'>separant</span> <span class='ocrx_word' id='word_1_132' title='bbox 867 1199 894 1225; x_wconf 92' lang='lat' dir='ltr'>a</span> <span class='ocrx_word' id='word_1_133' title='bbox 914 1185 1043 1225; x_wconf 91' lang='lat' dir='ltr'>bonis</span> <span class='ocrx_word' id='word_1_134' title='bbox 1060 1186 1194 1232; x_wconf 82' lang='lat' dir='ltr'>vitae,</span> <span class='ocrx_word' id='word_1_135' title='bbox 1213 1183 1333 1225; x_wconf 63' lang='lat' dir='ltr'>dista</span> <span class='ocrx_word' id='word_1_136' title='bbox 1350 1192 1454 1225; x_wconf 92' lang='lat' dir='ltr'>sunt</span> <span class='ocrx_word' id='word_1_137' title='bbox 1471 1199 1480 1235; x_wconf 90' lang='lat'><strong>;</strong></span> <span class='ocrx_word' id='word_1_138' title='bbox 1507 1198 1611 1225; x_wconf 90' lang='lat' dir='ltr'>nam</span> <span class='ocrx_word' id='word_1_139' title='bbox 1633 1185 1696 1225; x_wconf 92' lang='lat' dir='ltr'>illi</span> 
     </span>
     <span class='ocr_line' id='line_1_17' title="bbox 210 1247 1694 1301; baseline 0.001 -15"><span class='ocrx_word' id='word_1_140' title='bbox 210 1248 362 1287; x_wconf 91' lang='lat' dir='ltr'>omnia</span> <span class='ocrx_word' id='word_1_141' title='bbox 391 1247 608 1287; x_wconf 88' lang='lat' dir='ltr'>ecclesiae</span> <span class='ocrx_word' id='word_1_142' title='bbox 639 1261 716 1288; x_wconf 93' lang='lat' dir='ltr'>seu</span> <span class='ocrx_word' id='word_1_143' title='bbox 746 1248 972 1300; x_wconf 83' lang='lat' dir='ltr'>religionis</span> <span class='ocrx_word' id='word_1_144' title='bbox 1006 1249 1302 1301; x_wconf 86' lang='lat' dir='ltr'>compingunt</span> <span class='ocrx_word' id='word_1_145' title='bbox 1333 1249 1377 1288; x_wconf 92' lang='lat' dir='ltr'>in</span> <span class='ocrx_word' id='word_1_146' title='bbox 1409 1262 1544 1288; x_wconf 92' lang='lat' dir='ltr'>unum</span> <span class='ocrx_word' id='word_1_147' title='bbox 1576 1248 1694 1297; x_wconf 87' lang='lat' dir='ltr'>fidei,</span> 
     </span>
     <span class='ocr_line' id='line_1_18' title="bbox 210 1310 1694 1364; baseline 0.002 -15"><span class='ocrx_word' id='word_1_148' title='bbox 210 1322 290 1360; x_wconf 88' lang='lat' dir='ltr'>per</span> <span class='ocrx_word' id='word_1_149' title='bbox 305 1310 424 1362; x_wconf 80' lang='lat' dir='ltr'>q‘uod</span> <span class='ocrx_word' id='word_1_150' title='bbox 447 1310 601 1350; x_wconf 91' lang='lat' dir='ltr'>dicunt</span> <span class='ocrx_word' id='word_1_151' title='bbox 622 1310 851 1351; x_wconf 90' lang='lat' dir='ltr'>hominem</span> <span class='ocrx_word' id='word_1_152' title='bbox 868 1310 1124 1363; x_wconf 87' lang='lat' dir='ltr'>justificari;</span> <span class='ocrx_word' id='word_1_153' title='bbox 1157 1318 1203 1352; x_wconf 90' lang='lat' dir='ltr'>et</span> <span class='ocrx_word' id='word_1_154' title='bbox 1226 1312 1327 1364; x_wconf 90' lang='lat' dir='ltr'>quia</span> <span class='ocrx_word' id='word_1_155' title='bbox 1349 1325 1428 1363; x_wconf 90' lang='lat' dir='ltr'>per</span> <span class='ocrx_word' id='word_1_156' title='bbox 1448 1312 1491 1351; x_wconf 89' lang='lat' dir='ltr'>id</span> <span class='ocrx_word' id='word_1_157' title='bbox 1514 1312 1694 1352; x_wconf 84' lang='lat' dir='ltr'>unicum</span> 
     </span>
     <span class='ocr_line' id='line_1_19' title="bbox 210 1371 1694 1427; baseline 0.001 -15"><span class='ocrx_word' id='word_1_158' title='bbox 210 1372 349 1412; x_wconf 90' lang='lat' dir='ltr'>homo</span> <span class='ocrx_word' id='word_1_159' title='bbox 374 1371 640 1424; x_wconf 85' lang='lat' dir='ltr'>justificatur</span> <span class='ocrx_word' id='word_1_160' title='bbox 670 1380 717 1413; x_wconf 91' lang='lat' dir='ltr'>et</span> <span class='ocrx_word' id='word_1_161' title='bbox 753 1373 964 1421; x_wconf 89' lang='lat' dir='ltr'>salvatur,</span> <span class='ocrx_word' id='word_1_162' title='bbox 998 1375 1196 1427; x_wconf 87' lang='lat' dir='ltr'>sequitur</span> <span class='ocrx_word' id='word_1_163' title='bbox 1227 1374 1347 1426; x_wconf 90' lang='lat' dir='ltr'>quod</span> <span class='ocrx_word' id='word_1_164' title='bbox 1378 1373 1548 1427; x_wconf 88' lang='lat' dir='ltr'>reliqua</span> <span class='ocrx_word' id='word_1_165' title='bbox 1578 1373 1694 1421; x_wconf 86' lang='lat' dir='ltr'>fidei,</span> 
     </span>
     <span class='ocr_line' id='line_1_20' title="bbox 210 1432 1695 1495; baseline 0.001 -20"><span class='ocrx_word' id='word_1_166' title='bbox 210 1449 323 1488; x_wconf 91' lang='lat' dir='ltr'>quae</span> <span class='ocrx_word' id='word_1_167' title='bbox 344 1443 449 1476; x_wconf 89' lang='lat' dir='ltr'>sunt</span> <span class='ocrx_word' id='word_1_168' title='bbox 470 1450 576 1476; x_wconf 91' lang='lat' dir='ltr'>vera</span> <span class='ocrx_word' id='word_1_169' title='bbox 596 1436 826 1495; x_wconf 75' lang='lat' dir='ltr'>ecclesiae,</span> <span class='ocrx_word' id='word_1_170' title='bbox 849 1437 1096 1485; x_wconf 77' lang='lat' dir='ltr'>fastidiant,</span> <span class='ocrx_word' id='word_1_171' title='bbox 1121 1432 1257 1490; x_wconf 89' lang='lat' dir='ltr'>usque</span> <span class='ocrx_word' id='word_1_172' title='bbox 1280 1444 1328 1477; x_wconf 89' lang='lat' dir='ltr'>ut</span> <span class='ocrx_word' id='word_1_173' title='bbox 1354 1451 1444 1477; x_wconf 92' lang='lat' dir='ltr'>non</span> <span class='ocrx_word' id='word_1_174' title='bbox 1468 1438 1695 1490; x_wconf 89' lang='lat' dir='ltr'>percipere</span> 
     </span>
     <span class='ocr_line' id='line_1_21' title="bbox 214 1498 1697 1553; baseline 0.001 -15"><span class='ocrx_word' id='word_1_175' title='bbox 214 1511 298 1538; x_wconf 90' lang='lat' dir='ltr'>nec</span> <span class='ocrx_word' id='word_1_176' title='bbox 330 1499 441 1539; x_wconf 89' lang='lat' dir='ltr'>scire</span> <span class='ocrx_word' id='word_1_177' title='bbox 471 1498 547 1538; x_wconf 88' lang='lat' dir='ltr'>illa</span> <span class='ocrx_word' id='word_1_178' title='bbox 577 1499 744 1550; x_wconf 84' lang='lat' dir='ltr'>velint;</span> <span class='ocrx_word' id='word_1_179' title='bbox 780 1500 935 1540; x_wconf 88' lang='lat' dir='ltr'>dicunt</span> <span class='ocrx_word' id='word_1_180' title='bbox 966 1501 1084 1540; x_wconf 89' lang='lat' dir='ltr'>enim</span> <span class='ocrx_word' id='word_1_181' title='bbox 1121 1500 1271 1548; x_wconf 91' lang='lat' dir='ltr'>corde,</span> <span class='ocrx_word' id='word_1_182' title='bbox 1306 1499 1421 1540; x_wconf 83' lang='lat' dir='ltr'>“Ad</span> <span class='ocrx_word' id='word_1_183' title='bbox 1453 1500 1558 1553; x_wconf 91' lang='lat' dir='ltr'>quid</span> <span class='ocrx_word' id='word_1_184' title='bbox 1590 1514 1697 1540; x_wconf 92' lang='lat' dir='ltr'>con-</span> 
     </span>
     <span class='ocr_line' id='line_1_22' title="bbox 213 1561 1696 1616; baseline 0.002 -16"><span class='ocrx_word' id='word_1_185' title='bbox 213 1561 397 1609; x_wconf 89' lang='lat' dir='ltr'>ducunt,</span> <span class='ocrx_word' id='word_1_186' title='bbox 430 1561 535 1601; x_wconf 91' lang='lat' dir='ltr'>dum</span> <span class='ocrx_word' id='word_1_187' title='bbox 567 1562 652 1602; x_wconf 90' lang='lat' dir='ltr'>hoc</span> <span class='ocrx_word' id='word_1_188' title='bbox 683 1575 820 1602; x_wconf 90' lang='lat' dir='ltr'>unum</span> <span class='ocrx_word' id='word_1_189' title='bbox 851 1562 1012 1609; x_wconf 91' lang='lat' dir='ltr'>salvat,</span> <span class='ocrx_word' id='word_1_190' title='bbox 1045 1576 1208 1615; x_wconf 90' lang='lat' dir='ltr'>nempe</span> <span class='ocrx_word' id='word_1_191' title='bbox 1243 1563 1364 1616; x_wconf 90' lang='lat' dir='ltr'>quod</span> <span class='ocrx_word' id='word_1_192' title='bbox 1399 1563 1524 1603; x_wconf 91' lang='lat' dir='ltr'>Deus</span> <span class='ocrx_word' id='word_1_193' title='bbox 1562 1563 1696 1603; x_wconf 89' lang='lat' dir='ltr'>Pater</span> 
     </span>
     <span class='ocr_line' id='line_1_23' title="bbox 212 1623 1693 1677; baseline 0.002 -14"><span class='ocrx_word' id='word_1_194' title='bbox 212 1624 381 1664; x_wconf 89' lang='lat' dir='ltr'>miserit</span> <span class='ocrx_word' id='word_1_195' title='bbox 419 1623 593 1672; x_wconf 83' lang='lat' dir='ltr'>Filium,</span> <span class='ocrx_word' id='word_1_196' title='bbox 626 1625 699 1677; x_wconf 90' lang='lat' dir='ltr'>qui</span> <span class='ocrx_word' id='word_1_197' title='bbox 739 1637 817 1677; x_wconf 89' lang='lat' dir='ltr'>per</span> <span class='ocrx_word' id='word_1_198' title='bbox 854 1626 1110 1677; x_wconf 88' lang='lat' dir='ltr'>passionem</span> <span class='ocrx_word' id='word_1_199' title='bbox 1145 1627 1286 1666; x_wconf 89' lang='lat' dir='ltr'>crucis</span> <span class='ocrx_word' id='word_1_200' title='bbox 1321 1626 1378 1666; x_wconf 91' lang='lat' dir='ltr'>ab</span> <span class='ocrx_word' id='word_1_201' title='bbox 1413 1626 1584 1666; x_wconf 89' lang='lat' dir='ltr'>inferno</span> <span class='ocrx_word' id='word_1_202' title='bbox 1620 1639 1693 1666; x_wconf 90' lang='lat' dir='ltr'>me</span> 
     </span>
     <span class='ocr_line' id='line_1_24' title="bbox 210 1686 1694 1740; baseline 0.001 -14"><span class='ocrx_word' id='word_1_203' title='bbox 210 1686 431 1727; x_wconf 85' lang='lat' dir='ltr'>redemit?</span> <span class='ocrx_word' id='word_1_204' title='bbox 466 1700 601 1739; x_wconf 89' lang='lat' dir='ltr'>opera</span> <span class='ocrx_word' id='word_1_205' title='bbox 625 1700 736 1740; x_wconf 86' lang='lat' dir='ltr'>ergo</span> <span class='ocrx_word' id='word_1_206' title='bbox 761 1687 874 1740; x_wconf 89' lang='lat' dir='ltr'>legis</span> <span class='ocrx_word' id='word_1_207' title='bbox 906 1701 977 1728; x_wconf 92' lang='lat' dir='ltr'>me</span> <span class='ocrx_word' id='word_1_208' title='bbox 1009 1701 1098 1728; x_wconf 90' lang='lat' dir='ltr'>non</span> <span class='ocrx_word' id='word_1_209' title='bbox 1125 1690 1359 1737; x_wconf 89' lang='lat' dir='ltr'>damnant,</span> <span class='ocrx_word' id='word_1_210' title='bbox 1386 1702 1470 1729; x_wconf 90' lang='lat' dir='ltr'>nec</span> <span class='ocrx_word' id='word_1_211' title='bbox 1502 1702 1574 1729; x_wconf 91' lang='lat' dir='ltr'>me</span> <span class='ocrx_word' id='word_1_212' title='bbox 1605 1689 1694 1728; x_wconf 89' lang='lat' dir='ltr'>sal—</span> 
     </span>
     <span class='ocr_line' id='line_1_25' title="bbox 210 1750 1694 1810; baseline 0.002 -21"><span class='ocrx_word' id='word_1_213' title='bbox 210 1756 335 1797; x_wconf 85' lang='lat' dir='ltr'>vant,</span> <span class='ocrx_word' id='word_1_214' title='bbox 375 1750 478 1803; x_wconf 88' lang='lat' dir='ltr'>quia</span> <span class='ocrx_word' id='word_1_215' title='bbox 516 1750 663 1790; x_wconf 91' lang='lat' dir='ltr'>solum</span> <span class='ocrx_word' id='word_1_216' title='bbox 702 1750 811 1810; x_wconf 76' lang='lat' dir='ltr'>illud</span> <span class='ocrx_word' id='word_1_217' title='bbox 852 1765 915 1792; x_wconf 86' lang='lat' dir='ltr'>ex</span> <span class='ocrx_word' id='word_1_218' title='bbox 960 1750 1120 1791; x_wconf 88' lang='lat' dir='ltr'>fiducia</span> <span class='ocrx_word' id='word_1_219' title='bbox 1160 1753 1360 1804; x_wconf 87' lang='lat' dir='ltr'>cogitare</span> <span class='ocrx_word' id='word_1_220' title='bbox 1405 1759 1453 1792; x_wconf 92' lang='lat' dir='ltr'>et</span> <span class='ocrx_word' id='word_1_221' title='bbox 1497 1752 1694 1800; x_wconf 88' lang='lat' dir='ltr'>credere,</span> 
     </span>
     <span class='ocr_line' id='line_1_26' title="bbox 211 1811 1694 1868; baseline 0.003 -17"><span class='ocrx_word' id='word_1_222' title='bbox 211 1811 357 1852; x_wconf 91' lang='lat' dir='ltr'>salvat</span> <span class='ocrx_word' id='word_1_223' title='bbox 374 1812 408 1852; x_wconf 86' lang='lat'>:”</span> <span class='ocrx_word' id='word_1_224' title='bbox 438 1813 542 1853; x_wconf 88' lang='lat' dir='ltr'>inde</span> <span class='ocrx_word' id='word_1_225' title='bbox 567 1826 684 1853; x_wconf 92' lang='lat' dir='ltr'>nunc</span> <span class='ocrx_word' id='word_1_226' title='bbox 710 1820 794 1861; x_wconf 84' lang='lat' dir='ltr'>est,</span> <span class='ocrx_word' id='word_1_227' title='bbox 822 1814 942 1866; x_wconf 92' lang='lat' dir='ltr'>quod</span> <span class='ocrx_word' id='word_1_228' title='bbox 969 1827 1074 1866; x_wconf 90' lang='lat' dir='ltr'>prae</span> <span class='ocrx_word' id='word_1_229' title='bbox 1099 1814 1278 1854; x_wconf 87' lang='lat' dir='ltr'>fastidio</span> <span class='ocrx_word' id='word_1_230' title='bbox 1302 1828 1393 1855; x_wconf 94' lang='lat' dir='ltr'>non</span> <span class='ocrx_word' id='word_1_231' title='bbox 1418 1815 1561 1855; x_wconf 89' lang='lat' dir='ltr'>velint</span> <span class='ocrx_word' id='word_1_232' title='bbox 1593 1829 1694 1868; x_wconf 91' lang='lat' dir='ltr'>per-</span> 
     </span>
     <span class='ocr_line' id='line_1_27' title="bbox 211 1875 1693 1929; baseline 0.003 -15"><span class='ocrx_word' id='word_1_233' title='bbox 211 1875 358 1926; x_wconf 90' lang='lat' dir='ltr'>cipere</span> <span class='ocrx_word' id='word_1_234' title='bbox 383 1888 465 1915; x_wconf 89' lang='lat' dir='ltr'>nec</span> <span class='ocrx_word' id='word_1_235' title='bbox 487 1876 599 1916; x_wconf 90' lang='lat' dir='ltr'>scire</span> <span class='ocrx_word' id='word_1_236' title='bbox 623 1876 817 1928; x_wconf 87' lang='lat' dir='ltr'>genuina</span> <span class='ocrx_word' id='word_1_237' title='bbox 836 1890 941 1916; x_wconf 89' lang='lat' dir='ltr'>vera</span> <span class='ocrx_word' id='word_1_238' title='bbox 966 1883 1012 1916; x_wconf 90' lang='lat' dir='ltr'>et</span> <span class='ocrx_word' id='word_1_239' title='bbox 1038 1876 1169 1916; x_wconf 90' lang='lat' dir='ltr'>bona.</span> <span class='ocrx_word' id='word_1_240' title='bbox 1230 1876 1364 1929; x_wconf 79' lang='lat' dir='ltr'>Quod</span> <span class='ocrx_word' id='word_1_241' title='bbox 1390 1885 1609 1918; x_wconf 88' lang='lat' dir='ltr'>nauseent</span> <span class='ocrx_word' id='word_1_242' title='bbox 1635 1877 1693 1917; x_wconf 86' lang='lat' dir='ltr'>ad</span> 
     </span>
     <span class='ocr_line' id='line_1_28' title="bbox 211 1937 1697 1992; baseline 0.002 -15"><span class='ocrx_word' id='word_1_243' title='bbox 211 1937 302 1983; x_wconf 83' lang='lat' dir='ltr'>illa.</span> <span class='ocrx_word' id='word_1_244' title='bbox 319 1944 390 1978; x_wconf 90' lang='lat' dir='ltr'>est</span> <span class='ocrx_word' id='word_1_245' title='bbox 411 1951 587 1991; x_wconf 91' lang='lat' dir='ltr'>quoque</span> <span class='ocrx_word' id='word_1_246' title='bbox 605 1939 707 1991; x_wconf 91' lang='lat' dir='ltr'>quia</span> <span class='ocrx_word' id='word_1_247' title='bbox 728 1938 790 1978; x_wconf 92' lang='lat' dir='ltr'>illi</span> <span class='ocrx_word' id='word_1_248' title='bbox 812 1940 886 1992; x_wconf 90' lang='lat' dir='ltr'>qui</span> <span class='ocrx_word' id='word_1_249' title='bbox 908 1940 951 1978; x_wconf 90' lang='lat' dir='ltr'>in</span> <span class='ocrx_word' id='word_1_250' title='bbox 973 1939 1068 1979; x_wconf 89' lang='lat' dir='ltr'>sola</span> <span class='ocrx_word' id='word_1_251' title='bbox 1090 1939 1176 1979; x_wconf 91' lang='lat' dir='ltr'>fide</span> <span class='ocrx_word' id='word_1_252' title='bbox 1199 1947 1318 1988; x_wconf 87' lang='lat' dir='ltr'>sunt,</span> <span class='ocrx_word' id='word_1_253' title='bbox 1337 1941 1520 1980; x_wconf 87' lang='lat' dir='ltr'>interius</span> <span class='ocrx_word' id='word_1_254' title='bbox 1537 1946 1697 1980; x_wconf 87' lang='lat' dir='ltr'>contra</span> 
     </span>
     <span class='ocr_line' id='line_1_29' title="bbox 211 2000 1696 2055; baseline 0.002 -15"><span class='ocrx_word' id='word_1_255' title='bbox 211 2000 331 2040; x_wconf 89' lang='lat' dir='ltr'>bona</span> <span class='ocrx_word' id='word_1_256' title='bbox 351 2007 398 2040; x_wconf 92' lang='lat' dir='ltr'>et</span> <span class='ocrx_word' id='word_1_257' title='bbox 420 2014 525 2040; x_wconf 89' lang='lat' dir='ltr'>vera</span> <span class='ocrx_word' id='word_1_258' title='bbox 546 2001 659 2041; x_wconf 92' lang='lat' dir='ltr'>caeli</span> <span class='ocrx_word' id='word_1_259' title='bbox 680 2009 726 2041; x_wconf 89' lang='lat' dir='ltr'>et</span> <span class='ocrx_word' id='word_1_260' title='bbox 748 2002 964 2041; x_wconf 87' lang='lat' dir='ltr'>ecclesiae</span> <span class='ocrx_word' id='word_1_261' title='bbox 981 2009 1085 2042; x_wconf 89' lang='lat' dir='ltr'>sunt</span> <span class='ocrx_word' id='word_1_262' title='bbox 1103 2016 1112 2051; x_wconf 90' lang='grc'><strong>;</strong></span> <span class='ocrx_word' id='word_1_263' title='bbox 1140 2010 1237 2042; x_wconf 90' lang='lat' dir='ltr'>tum</span> <span class='ocrx_word' id='word_1_264' title='bbox 1254 2004 1356 2055; x_wconf 89' lang='lat' dir='ltr'>quia</span> <span class='ocrx_word' id='word_1_265' title='bbox 1377 2003 1573 2050; x_wconf 88' lang='lat' dir='ltr'>interius,</span> <span class='ocrx_word' id='word_1_266' title='bbox 1594 2016 1696 2043; x_wconf 89' lang='lat' dir='ltr'>cum</span> 
     </span>
     <span class='ocr_line' id='line_1_30' title="bbox 211 2062 1692 2115; baseline 0.003 -14"><span class='ocrx_word' id='word_1_267' title='bbox 211 2062 269 2102; x_wconf 91' lang='lat' dir='ltr'>de</span> <span class='ocrx_word' id='word_1_268' title='bbox 299 2062 399 2110; x_wconf 85' lang='lat' dir='ltr'>illis,</span> <span class='ocrx_word' id='word_1_269' title='bbox 427 2063 717 2115; x_wconf 86' lang='lat' dir='ltr'>cogitandum</span> <span class='ocrx_word' id='word_1_270' title='bbox 743 2070 827 2111; x_wconf 89' lang='lat' dir='ltr'>est,</span> <span class='ocrx_word' id='word_1_271' title='bbox 855 2064 1182 2105; x_wconf 89' lang='lat' dir='ltr'>transcendunt</span> <span class='ocrx_word' id='word_1_272' title='bbox 1214 2066 1333 2105; x_wconf 91' lang='lat' dir='ltr'>enim</span> <span class='ocrx_word' id='word_1_273' title='bbox 1366 2066 1490 2105; x_wconf 90' lang='lat' dir='ltr'>ideas</span> <span class='ocrx_word' id='word_1_274' title='bbox 1515 2065 1692 2105; x_wconf 86' lang='lat' dir='ltr'>illorum</span> 
     </span>
     <span class='ocr_line' id='line_1_31' title="bbox 212 2125 1695 2181; baseline 0.002 -17"><span class='ocrx_word' id='word_1_275' title='bbox 212 2125 496 2174; x_wconf 88' lang='lat' dir='ltr'>materiales;</span> <span class='ocrx_word' id='word_1_276' title='bbox 538 2125 649 2166; x_wconf 90' lang='lat' dir='ltr'>haec</span> <span class='ocrx_word' id='word_1_277' title='bbox 682 2139 862 2174; x_wconf 86' lang='lat' dir='ltr'>nausea,</span> <span class='ocrx_word' id='word_1_278' title='bbox 895 2133 942 2167; x_wconf 91' lang='lat' dir='ltr'>et</span> <span class='ocrx_word' id='word_1_279' title='bbox 973 2126 1059 2167; x_wconf 92' lang='lat' dir='ltr'>hoc</span> <span class='ocrx_word' id='word_1_280' title='bbox 1091 2127 1317 2167; x_wconf 89' lang='lat' dir='ltr'>fastidium</span> <span class='ocrx_word' id='word_1_281' title='bbox 1349 2134 1432 2175; x_wconf 92' lang='lat' dir='ltr'>est,</span> <span class='ocrx_word' id='word_1_282' title='bbox 1465 2128 1584 2181; x_wconf 91' lang='lat' dir='ltr'>quod</span> <span class='ocrx_word' id='word_1_283' title='bbox 1615 2141 1695 2180; x_wconf 91' lang='lat' dir='ltr'>per</span> 
     </span>
     <span class='ocr_line' id='line_1_32' title="bbox 214 2187 951 2241; baseline 0.003 -14"><span class='ocrx_word' id='word_1_284' title='bbox 214 2192 240 2207; x_wconf 80' lang='lat'>‘⁴</span> <span class='ocrx_word' id='word_1_285' title='bbox 254 2187 543 2227; x_wconf 88' lang='lat' dir='ltr'>molestiam”</span> <span class='ocrx_word' id='word_1_286' title='bbox 563 2188 634 2228; x_wconf 90' lang='lat' dir='ltr'>hic</span> <span class='ocrx_word' id='word_1_287' title='bbox 660 2188 951 2241; x_wconf 86' lang='lat' dir='ltr'>significatur.</span> 
     </span>
    </p>

    <p class='ocr_par' dir='ltr' id='par_1_6' title="bbox 211 2281 680 2307">
     <span class='ocr_line' id='line_1_33' title="bbox 211 2281 680 2307; baseline -0.009 -2"><span class='ocrx_word' id='word_1_288' title='bbox 211 2281 390 2305; x_wconf 61' lang='lat' dir='ltr'>(anes-unu</span> <span class='ocrx_word' id='word_1_289' title='bbox 398 2281 429 2302; x_wconf 71' lang='lat' dir='ltr'>de</span> <span class='ocrx_word' id='word_1_290' title='bbox 438 2281 515 2302; x_wconf 65' lang='lat' dir='ltr'>sato</span> <span class='ocrx_word' id='word_1_291' title='bbox 523 2281 680 2307; x_wconf 60' lang='lat' dir='ltr'>stactem-o.)</span> 
     </span>
    </p>

    <p class='ocr_par' dir='ltr' id='par_1_7' title="bbox 210 2316 1697 2830">
     <span class='ocr_line' id='line_1_34' title="bbox 283 2316 1694 2365; baseline 0.002 -14"><span class='ocrx_word' id='word_1_292' title='bbox 283 2316 442 2352; x_wconf 60' lang='lat' dir='ltr'>Dictum</span> <span class='ocrx_word' id='word_1_293' title='bbox 460 2325 519 2352; x_wconf 89' lang='lat' dir='ltr'>est</span> <span class='ocrx_word' id='word_1_294' title='bbox 537 2328 654 2363; x_wconf 89' lang='lat' dir='ltr'>supra</span> <span class='ocrx_word' id='word_1_295' title='bbox 670 2318 778 2363; x_wconf 90' lang='lat' dir='ltr'>quod</span> <span class='ocrx_word' id='word_1_296' title='bbox 796 2318 1005 2354; x_wconf 87' lang='lat' dir='ltr'>discrimen</span> <span class='ocrx_word' id='word_1_297' title='bbox 1025 2319 1127 2354; x_wconf 88' lang='lat' dir='ltr'>inter</span> <span class='ocrx_word' id='word_1_298' title='bbox 1143 2330 1317 2354; x_wconf 89' lang='lat' dir='ltr'>amorem</span> <span class='ocrx_word' id='word_1_299' title='bbox 1336 2320 1509 2365; x_wconf 89' lang='lat' dir='ltr'>conjugii</span> <span class='ocrx_word' id='word_1_300' title='bbox 1527 2326 1567 2354; x_wconf 91' lang='lat' dir='ltr'>et</span> <span class='ocrx_word' id='word_1_301' title='bbox 1583 2331 1694 2355; x_wconf 87' lang='lat' dir='ltr'>amo-</span> 
     </span>
     <span class='ocr_line' id='line_1_35' title="bbox 210 2364 1695 2405; baseline 0.001 -6"><span class='ocrx_word' id='word_1_302' title='bbox 210 2374 292 2399; x_wconf 83' lang='lat' dir='ltr'>rem</span> <span class='ocrx_word' id='word_1_303' title='bbox 318 2364 499 2398; x_wconf 90' lang='lat' dir='ltr'>adulterii</span> <span class='ocrx_word' id='word_1_304' title='bbox 525 2364 577 2399; x_wconf 90' lang='lat' dir='ltr'>sit</span> <span class='ocrx_word' id='word_1_305' title='bbox 600 2365 703 2399; x_wconf 90' lang='lat' dir='ltr'>sicut</span> <span class='ocrx_word' id='word_1_306' title='bbox 729 2365 831 2399; x_wconf 91' lang='lat' dir='ltr'>inter</span> <span class='ocrx_word' id='word_1_307' title='bbox 849 2366 1000 2400; x_wconf 86' lang='lat' dir='ltr'>caelum</span> <span class='ocrx_word' id='word_1_308' title='bbox 1026 2373 1067 2400; x_wconf 85' lang='lat' dir='ltr'>et</span> <span class='ocrx_word' id='word_1_309' title='bbox 1093 2366 1308 2405; x_wconf 81' lang='lat' dir='ltr'>infernum:</span> <span class='ocrx_word' id='word_1_310' title='bbox 1337 2367 1463 2401; x_wconf 90' lang='lat' dir='ltr'>simile</span> <span class='ocrx_word' id='word_1_311' title='bbox 1484 2367 1695 2401; x_wconf 89' lang='lat' dir='ltr'>discrimen</span> 
     </span>
     <span class='ocr_line' id='line_1_36' title="bbox 210 2410 1697 2457; baseline 0.001 -11"><span class='ocrx_word' id='word_1_312' title='bbox 210 2417 271 2446; x_wconf 68' lang='lat' dir='ltr'>oet</span> <span class='ocrx_word' id='word_1_313' title='bbox 291 2410 393 2445; x_wconf 86' lang='lat' dir='ltr'>inter</span> <span class='ocrx_word' id='word_1_314' title='bbox 409 2410 584 2455; x_wconf 84' lang='lat' dir='ltr'>jucunda</span> <span class='ocrx_word' id='word_1_315' title='bbox 602 2422 780 2446; x_wconf 91' lang='lat' dir='ltr'>amorum</span> <span class='ocrx_word' id='word_1_316' title='bbox 803 2412 968 2451; x_wconf 87' lang='lat' dir='ltr'>illorum,</span> <span class='ocrx_word' id='word_1_317' title='bbox 988 2423 1077 2446; x_wconf 89' lang='lat' dir='ltr'>nam</span> <span class='ocrx_word' id='word_1_318' title='bbox 1094 2413 1269 2457; x_wconf 85' lang='lat' dir='ltr'>jucunda</span> <span class='ocrx_word' id='word_1_319' title='bbox 1288 2413 1451 2447; x_wconf 88' lang='lat' dir='ltr'>trahunt</span> <span class='ocrx_word' id='word_1_320' title='bbox 1471 2414 1605 2447; x_wconf 89' lang='lat' dir='ltr'>omnia</span> <span class='ocrx_word' id='word_1_321' title='bbox 1625 2425 1697 2448; x_wconf 91' lang='lat' dir='ltr'>sua</span> 
     </span>
     <span class='ocr_line' id='line_1_37' title="bbox 210 2457 1697 2504; baseline 0.001 -12"><span class='ocrx_word' id='word_1_322' title='bbox 210 2467 259 2492; x_wconf 85' lang='lat' dir='ltr'>ex</span> <span class='ocrx_word' id='word_1_323' title='bbox 277 2457 476 2492; x_wconf 87' lang='lat' dir='ltr'>amoribus</span> <span class='ocrx_word' id='word_1_324' title='bbox 494 2468 541 2492; x_wconf 88' lang='lat' dir='ltr'>ex</span> <span class='ocrx_word' id='word_1_325' title='bbox 562 2458 704 2502; x_wconf 87' lang='lat' dir='ltr'>quibus</span> <span class='ocrx_word' id='word_1_326' title='bbox 723 2465 826 2492; x_wconf 88' lang='lat' dir='ltr'>sunt.</span> <span class='ocrx_word' id='word_1_327' title='bbox 874 2458 1056 2504; x_wconf 87' lang='lat' dir='ltr'>Jucunda</span> <span class='ocrx_word' id='word_1_328' title='bbox 1075 2459 1219 2493; x_wconf 89' lang='lat' dir='ltr'>amoris</span> <span class='ocrx_word' id='word_1_329' title='bbox 1240 2459 1420 2493; x_wconf 87' lang='lat' dir='ltr'>adulterii</span> <span class='ocrx_word' id='word_1_330' title='bbox 1442 2460 1604 2494; x_wconf 88' lang='lat' dir='ltr'>trahunt</span> <span class='ocrx_word' id='word_1_331' title='bbox 1624 2471 1697 2495; x_wconf 90' lang='lat' dir='ltr'>sua</span> 
     </span>
     <span class='ocr_line' id='line_1_38' title="bbox 210 2503 1696 2550; baseline 0.003 -13"><span class='ocrx_word' id='word_1_332' title='bbox 210 2514 259 2538; x_wconf 83' lang='lat' dir='ltr'>ex</span> <span class='ocrx_word' id='word_1_333' title='bbox 274 2503 459 2548; x_wconf 90' lang='lat' dir='ltr'>jucundis</span> <span class='ocrx_word' id='word_1_334' title='bbox 476 2503 643 2538; x_wconf 79' lang='lat' dir='ltr'>faciendi</span> <span class='ocrx_word' id='word_1_335' title='bbox 663 2515 756 2539; x_wconf 90' lang='lat' dir='ltr'>usus</span> <span class='ocrx_word' id='word_1_336' title='bbox 774 2505 909 2544; x_wconf 86' lang='lat' dir='ltr'>malos,</span> <span class='ocrx_word' id='word_1_337' title='bbox 924 2505 978 2539; x_wconf 88' lang='lat' dir='ltr'>ita</span> <span class='ocrx_word' id='word_1_338' title='bbox 995 2505 1286 2543; x_wconf 82' lang='lat' dir='ltr'>malefaciendi:</span> <span class='ocrx_word' id='word_1_339' title='bbox 1307 2513 1346 2539; x_wconf 88' lang='lat' dir='ltr'>et</span> <span class='ocrx_word' id='word_1_340' title='bbox 1357 2506 1533 2550; x_wconf 88' lang='lat' dir='ltr'>jucunda</span> <span class='ocrx_word' id='word_1_341' title='bbox 1548 2507 1696 2542; x_wconf 88' lang='lat' dir='ltr'>amoris</span> 
     </span>
     <span class='ocr_line' id='line_1_39' title="bbox 210 2549 1695 2598; baseline 0.003 -15"><span class='ocrx_word' id='word_1_342' title='bbox 210 2549 385 2595; x_wconf 88' lang='lat' dir='ltr'>conjugii</span> <span class='ocrx_word' id='word_1_343' title='bbox 418 2561 466 2584; x_wconf 86' lang='lat' dir='ltr'>ex</span> <span class='ocrx_word' id='word_1_344' title='bbox 494 2551 679 2594; x_wconf 91' lang='lat' dir='ltr'>jucundis</span> <span class='ocrx_word' id='word_1_345' title='bbox 701 2550 870 2586; x_wconf 81' lang='lat' dir='ltr'>faciendi</span> <span class='ocrx_word' id='word_1_346' title='bbox 901 2563 994 2586; x_wconf 88' lang='lat' dir='ltr'>usus</span> <span class='ocrx_word' id='word_1_347' title='bbox 1018 2553 1153 2590; x_wconf 90' lang='lat' dir='ltr'>bonos,</span> <span class='ocrx_word' id='word_1_348' title='bbox 1177 2552 1230 2586; x_wconf 89' lang='lat' dir='ltr'>ita</span> <span class='ocrx_word' id='word_1_349' title='bbox 1260 2552 1548 2586; x_wconf 77' lang='lat' dir='ltr'>benefaciendi:</span> <span class='ocrx_word' id='word_1_350' title='bbox 1578 2553 1695 2598; x_wconf 86' lang='lat' dir='ltr'>quale</span> 
     </span>
     <span class='ocr_line' id='line_1_40' title="bbox 212 2596 1694 2643; baseline 0.003 -13"><span class='ocrx_word' id='word_1_351' title='bbox 212 2596 344 2642; x_wconf 85' lang='lat' dir='ltr'>itaque</span> <span class='ocrx_word' id='word_1_352' title='bbox 359 2596 576 2641; x_wconf 86' lang='lat' dir='ltr'>jucundum</span> <span class='ocrx_word' id='word_1_353' title='bbox 591 2604 651 2632; x_wconf 89' lang='lat' dir='ltr'>est</span> <span class='ocrx_word' id='word_1_354' title='bbox 665 2597 776 2632; x_wconf 88' lang='lat' dir='ltr'>malis</span> <span class='ocrx_word' id='word_1_355' title='bbox 791 2598 830 2632; x_wconf 91' lang='lat' dir='ltr'>in</span> <span class='ocrx_word' id='word_1_356' title='bbox 845 2598 1140 2637; x_wconf 82' lang='lat' dir='ltr'>malefaciendo,</span> <span class='ocrx_word' id='word_1_357' title='bbox 1152 2599 1230 2632; x_wconf 87' lang='lat' dir='ltr'>tale</span> <span class='ocrx_word' id='word_1_358' title='bbox 1245 2605 1304 2632; x_wconf 91' lang='lat' dir='ltr'>est</span> <span class='ocrx_word' id='word_1_359' title='bbox 1316 2599 1533 2643; x_wconf 88' lang='lat' dir='ltr'>jucundum</span> <span class='ocrx_word' id='word_1_360' title='bbox 1548 2601 1694 2634; x_wconf 83' lang='lat' dir='ltr'>amoris</span> 
     </span>
     <span class='ocr_line' id='line_1_41' title="bbox 210 2642 1695 2690; baseline 0.003 -14"><span class='ocrx_word' id='word_1_361' title='bbox 210 2642 392 2677; x_wconf 84' lang='lat' dir='ltr'>adulterii</span> <span class='ocrx_word' id='word_1_362' title='bbox 418 2643 584 2683; x_wconf 87' lang='lat' dir='ltr'>illorum,</span> <span class='ocrx_word' id='word_1_363' title='bbox 605 2644 698 2688; x_wconf 91' lang='lat' dir='ltr'>quia</span> <span class='ocrx_word' id='word_1_364' title='bbox 721 2654 833 2678; x_wconf 90' lang='lat' dir='ltr'>amor</span> <span class='ocrx_word' id='word_1_365' title='bbox 852 2644 1034 2678; x_wconf 87' lang='lat' dir='ltr'>adulterii</span> <span class='ocrx_word' id='word_1_366' title='bbox 1061 2645 1266 2679; x_wconf 88' lang='lat' dir='ltr'>descendit</span> <span class='ocrx_word' id='word_1_367' title='bbox 1292 2645 1402 2684; x_wconf 78' lang='lat' dir='ltr'>inde:</span> <span class='ocrx_word' id='word_1_368' title='bbox 1439 2646 1546 2690; x_wconf 90' lang='lat' dir='ltr'>quod</span> <span class='ocrx_word' id='word_1_369' title='bbox 1572 2657 1620 2680; x_wconf 86' lang='lat' dir='ltr'>ex</span> <span class='ocrx_word' id='word_1_370' title='bbox 1645 2657 1695 2681; x_wconf 90' lang='lat' dir='ltr'>eo</span> 
     </span>
     <span class='ocr_line' id='line_1_42' title="bbox 211 2688 1694 2738; baseline 0.003 -16"><span class='ocrx_word' id='word_1_371' title='bbox 211 2688 435 2728; x_wconf 59' lang='lat' dir='ltr'>descendat,</span> <span class='ocrx_word' id='word_1_372' title='bbox 453 2689 519 2723; x_wconf 82' lang='lat' dir='ltr'>vix</span> <span class='ocrx_word' id='word_1_373' title='bbox 535 2690 585 2724; x_wconf 93' lang='lat' dir='ltr'>ab</span> <span class='ocrx_word' id='word_1_374' title='bbox 602 2689 735 2735; x_wconf 88' lang='lat' dir='ltr'>aliquo</span> <span class='ocrx_word' id='word_1_375' title='bbox 753 2698 883 2735; x_wconf 85' lang='lat' dir='ltr'>potest</span> <span class='ocrx_word' id='word_1_376' title='bbox 901 2690 1019 2729; x_wconf 86' lang='lat' dir='ltr'>credi,</span> <span class='ocrx_word' id='word_1_377' title='bbox 1037 2691 1105 2725; x_wconf 90' lang='lat' dir='ltr'>sed</span> <span class='ocrx_word' id='word_1_378' title='bbox 1126 2701 1249 2735; x_wconf 90' lang='lat' dir='ltr'>usque</span> <span class='ocrx_word' id='word_1_379' title='bbox 1269 2691 1358 2725; x_wconf 89' lang='lat' dir='ltr'>inde</span> <span class='ocrx_word' id='word_1_380' title='bbox 1376 2691 1461 2736; x_wconf 86' lang='lat' dir='ltr'>ejus</span> <span class='ocrx_word' id='word_1_381' title='bbox 1479 2693 1591 2738; x_wconf 89' lang='lat' dir='ltr'>origo</span> <span class='ocrx_word' id='word_1_382' title='bbox 1611 2699 1670 2727; x_wconf 88' lang='lat' dir='ltr'>est</span> <span class='ocrx_word' id='word_1_383' title='bbox 1685 2703 1694 2727; x_wconf 70' lang='grc' dir='ltr'>ε</span> 
     </span>
     <span class='ocr_line' id='line_1_43' title="bbox 211 2735 1694 2781; baseline 0.003 -12"><span class='ocrx_word' id='word_1_384' title='bbox 211 2735 303 2769; x_wconf 87' lang='lat' dir='ltr'>inde</span> <span class='ocrx_word' id='word_1_385' title='bbox 321 2741 429 2779; x_wconf 87' lang='lat' dir='ltr'>patet</span> <span class='ocrx_word' id='word_1_386' title='bbox 445 2735 552 2780; x_wconf 92' lang='lat' dir='ltr'>quod</span> <span class='ocrx_word' id='word_1_387' title='bbox 568 2736 786 2781; x_wconf 88' lang='lat' dir='ltr'>jucundum</span> <span class='ocrx_word' id='word_1_388' title='bbox 804 2737 985 2771; x_wconf 86' lang='lat' dir='ltr'>adulterii</span> <span class='ocrx_word' id='word_1_389' title='bbox 1003 2738 1191 2771; x_wconf 87' lang='lat' dir='ltr'>ascendat</span> <span class='ocrx_word' id='word_1_390' title='bbox 1208 2748 1256 2771; x_wconf 80' lang='lat' dir='ltr'>ex</span> <span class='ocrx_word' id='word_1_391' title='bbox 1275 2737 1410 2772; x_wconf 89' lang='lat' dir='ltr'>infimo</span> <span class='ocrx_word' id='word_1_392' title='bbox 1425 2738 1587 2773; x_wconf 72' lang='lat' dir='ltr'>inferno.</span> <span class='ocrx_word' id='word_1_393' title='bbox 1637 2739 1694 2774; x_wconf 83' lang='lat' dir='ltr'>At</span> 
     </span>
     <span class='ocr_line' id='line_1_44' title="bbox 210 2781 1693 2830; baseline 0.003 -15"><span class='ocrx_word' id='word_1_394' title='bbox 210 2791 305 2815; x_wconf 90' lang='lat' dir='ltr'>vero</span> <span class='ocrx_word' id='word_1_395' title='bbox 328 2781 545 2826; x_wconf 84' lang='lat' dir='ltr'>jucundum</span> <span class='ocrx_word' id='word_1_396' title='bbox 570 2783 715 2817; x_wconf 89' lang='lat' dir='ltr'>amoris</span> <span class='ocrx_word' id='word_1_397' title='bbox 740 2783 925 2828; x_wconf 83' lang='lat' dir='ltr'>conjugii,</span> <span class='ocrx_word' id='word_1_398' title='bbox 947 2783 1040 2828; x_wconf 89' lang='lat' dir='ltr'>quia</span> <span class='ocrx_word' id='word_1_399' title='bbox 1070 2791 1129 2818; x_wconf 86' lang='lat' dir='ltr'>est</span> <span class='ocrx_word' id='word_1_400' title='bbox 1158 2794 1205 2818; x_wconf 87' lang='lat' dir='ltr'>ex</span> <span class='ocrx_word' id='word_1_401' title='bbox 1235 2794 1367 2818; x_wconf 87' lang='lat' dir='ltr'>amore</span> <span class='ocrx_word' id='word_1_402' title='bbox 1401 2784 1693 2830; x_wconf 69' lang='lat' dir='ltr'>conjunCtionis</span> 
     </span>
    </p>
   </div>
   <div class='ocr_carea' id='block_1_6' title="bbox 210 2826 1692 2915">
    <p class='ocr_par' dir='ltr' id='par_1_8' title="bbox 210 2826 1692 2915">
     <span class='ocr_line' id='line_1_45' title="bbox 210 2826 1692 2874; baseline 0.004 -14"><span class='ocrx_word' id='word_1_403' title='bbox 210 2826 303 2861; x_wconf 91' lang='lat' dir='ltr'>boni</span> <span class='ocrx_word' id='word_1_404' title='bbox 329 2833 369 2861; x_wconf 92' lang='lat' dir='ltr'>et</span> <span class='ocrx_word' id='word_1_405' title='bbox 392 2828 485 2867; x_wconf 85' lang='lat' dir='ltr'>veri,</span> <span class='ocrx_word' id='word_1_406' title='bbox 511 2835 550 2863; x_wconf 88' lang='lat' dir='ltr'>et</span> <span class='ocrx_word' id='word_1_407' title='bbox 575 2839 623 2863; x_wconf 81' lang='lat' dir='ltr'>ex</span> <span class='ocrx_word' id='word_1_408' title='bbox 648 2839 780 2863; x_wconf 89' lang='lat' dir='ltr'>amore</span> <span class='ocrx_word' id='word_1_409' title='bbox 807 2829 974 2864; x_wconf 81' lang='lat' dir='ltr'>faciendi</span> <span class='ocrx_word' id='word_1_410' title='bbox 1001 2830 1160 2867; x_wconf 85' lang='lat' dir='ltr'>bonum.</span> <span class='ocrx_word' id='word_1_411' title='bbox 1179 2837 1237 2864; x_wconf 92' lang='lat' dir='ltr'>est</span> <span class='ocrx_word' id='word_1_412' title='bbox 1263 2830 1479 2874; x_wconf 85' lang='lat' dir='ltr'>jucundum</span> <span class='ocrx_word' id='word_1_413' title='bbox 1505 2832 1692 2871; x_wconf 85' lang='lat' dir='ltr'>caeleste;</span> 
     </span>
     <span class='ocr_line' id='line_1_46' title="bbox 211 2873 1691 2915; baseline 0.003 -8"><span class='ocrx_word' id='word_1_414' title='bbox 211 2873 414 2908; x_wconf 86' lang='lat' dir='ltr'>descendit</span> <span class='ocrx_word' id='word_1_415' title='bbox 431 2874 550 2908; x_wconf 88' lang='lat' dir='ltr'>etiam</span> <span class='ocrx_word' id='word_1_416' title='bbox 568 2885 616 2909; x_wconf 83' lang='lat' dir='ltr'>ex</span> <span class='ocrx_word' id='word_1_417' title='bbox 635 2875 775 2910; x_wconf 82' lang='lat' dir='ltr'>intimo</span> <span class='ocrx_word' id='word_1_418' title='bbox 792 2886 860 2910; x_wconf 91' lang='lat' dir='ltr'>seu</span> <span class='ocrx_word' id='word_1_419' title='bbox 879 2876 997 2910; x_wconf 88' lang='lat' dir='ltr'>tertio</span> <span class='ocrx_word' id='word_1_420' title='bbox 1017 2876 1137 2915; x_wconf 82' lang='lat' dir='ltr'>caelo,</span> <span class='ocrx_word' id='word_1_421' title='bbox 1157 2877 1220 2910; x_wconf 89' lang='lat' dir='ltr'>ubi</span> <span class='ocrx_word' id='word_1_422' title='bbox 1243 2887 1353 2911; x_wconf 87' lang='lat' dir='ltr'>amor</span> <span class='ocrx_word' id='word_1_423' title='bbox 1371 2877 1409 2911; x_wconf 86' lang='lat' dir='ltr'>in</span> <span class='ocrx_word' id='word_1_424' title='bbox 1434 2876 1647 2911; x_wconf 85' lang='lat' dir='ltr'>Dominum</span> <span class='ocrx_word' id='word_1_425' title='bbox 1668 2889 1691 2913; x_wconf 90' lang='lat' dir='ltr'>a</span> 
     </span>
    </p>
   </div>
  </div>
 </body>
</html>
