1962 3328
530 312 638 345 CAP.
656 313 817 354 XVIII„
839 313 978 346 VERS.
1005 313 1176 358 19.——N.
1203 314 1324 358 1175.
1560 307 1669 348 2801

181 422 328 467 luctus
352 431 536 479 propter
557 425 898 467 damnationem
923 426 1044 475 mali,
1071 425 1350 480 significatur
1373 440 1453 480 per
1477 430 1502 447 ‘⁴
1516 427 1674 480 pulve-

63 495 124 548 ..ξ-
142 538 147 540 .
167 500 277 542 *rem
307 501 441 541 super
470 488 638 541 caput''
668 495 716 530 et
749 503 829 542 per
858 489 1104 530 “scindere
1135 489 1367 531 tunicam''
1396 490 1676 543 significatur

63 551 137 604 »lf‘lj
182 547 328 590 luctus
349 557 535 604 propter
556 551 896 592 damnationem
918 551 1028 592 falsi.
1088 551 1242 593 Simile
1263 551 1542 606 significatur
1558 566 1638 606 per

571 639 744 672 volutare
759 650 799 672 se
814 641 852 672 in
869 640 1016 682 pulvere
1031 640 1158 681 (Micle.
1177 641 1199 673 i.
1219 641 1284 681 10).

58 715 64 718 ”
126 723 128 725 ’
182 719 317 775 Quod
339 723 618 776 paenitentia
639 737 718 777 per
738 724 784 764 id
804 730 1236 777 repraesentaretur,
1258 724 1378 778 apud
1398 723 1604 773 Hiobum,

345 811 636 844 “Paenitentiam
652 822 722 853 ago
737 822 846 853 super
862 813 1007 853 pulvere
1022 819 1061 845 et
1071 823 1183 854 super
1197 813 1318 845 cinere
1327 812 1347 826 ”
1362 813 1451 853 (xlii.
1465 814 1512 853 6).

182 895 408 950 Quoniam
434 897 618 950 “pulvis
628 897 649 912 ''
674 897 957 951 significabat
988 899 1344 948 damnationem,
1371 899 1474 940 ideo
1505 897 1675 939 dietum

127 1004 129 1006 ,
180 966 252 1000 est
276 959 335 1000 ad
359 967 635 1014 serpentem,

190 1050 192 1052 ’
247 1048 390 1090 “Super
411 1055 537 1080 ventre
564 1056 627 1081 tuo
649 1050 860 1088 ambulabis,
884 1056 921 1082 et
948 1050 1133 1091 pulverem
1155 1051 1324 1083 comedes
1352 1051 1520 1082 omnibus
1550 1051 1677 1082 diebus

353 1093 448 1125 vitae
458 1092 477 1104 ’'
493 1093 589 1133 (Gen.
605 1094 653 1126 iii.
672 1094 746 1132 14):

63 1171 96 1243 ἰ
117 1177 130 1212 Ϊ
180 1195 260 1236 per
291 1185 589 1235 “serpentem
602 1182 621 1197 ”
652 1182 932 1235 significatur
961 1183 1131 1223 malum
1166 1183 1382 1224 infernale
1418 1184 1538 1236 apud
1574 1183 1676 1225 illos

181 1245 255 1299 qui
280 1252 543 1298 pervertunt
566 1259 673 1286 vera
694 1245 848 1294 Verbi,
872 1253 919 1287 et
945 1259 1024 1299 per
1048 1246 1092 1286 id
1118 1253 1268 1287 astute
1294 1251 1342 1286 et
1367 1245 1526 1287 dolose
1552 1247 1675 1287 deci—

180 1306 322 1362 piunt.
383 1307 597 1349 Similiter
618 1309 736 1362 apud
758 1308 963 1358 Esaiam,

590 1400 609 1412 ‘¹
619 1398 802 1439 Serpentis
818 1399 922 1439 panis
938 1399 1054 1440 pulvis
1065 1398 1086 1411 '¹
1102 1399 1186 1439 (lxv.
1206 1399 1272 1439 25).

131 1474 153 1535 J·
176 1473 257 1526 ⁸Ex
277 1484 347 1525 his
368 1490 496 1538 patet
518 1485 639 1538 quod
662 1489 689 1505 ⁴⁴
703 1485 847 1538 pulvis
859 1485 879 1500 ’⁸
900 1486 959 1526 sit
985 1486 1251 1527 damnatum
1270 1501 1281 1537 ;
1313 1492 1360 1527 et
1385 1486 1510 1540 quod
1532 1486 1676 1526 “mit-

74 1543 100 1551 ’
128 1572 141 1579 ν-
181 1554 278 1589 tere
302 1547 532 1601 pulverem
559 1561 691 1601 super
716 1555 851 1602 caput
867 1548 886 1563 ”
908 1549 966 1589 sit
992 1550 1151 1590 testari
1176 1549 1531 1590 damnationem.

181 1645 377 1673 (σο-Μ)

253 1681 329 1718 His
346 1682 570 1728 praemissis
587 1693 693 1717 nunc
714 1682 871 1717 dicetur
886 1682 983 1728 quid
1002 1681 1186 1722 AffeffiQ
1203 1689 1245 1718 et
1265 1683 1411 1718 deinde
1427 1693 1498 1718 cur
1514 1683 1638 1718 homo
1653 1694 1678 1718 a

77 1715 129 1775 J?
182 1728 357 1766 Domino
377 1729 537 1764 ducitur
554 1741 624 1775 per
640 1728 882 1769 affectiones,
900 1736 942 1764 et
960 1740 1039 1764 non
1066 1741 1138 1775 per
1154 1730 1429 1776 cogitationes,
1448 1737 1489 1765 et
1514 1730 1677 1765 demum

181 1777 289 1823 quod
307 1777 430 1812 homo
447 1777 563 1812 aliter
578 1787 660 1811 non
678 1777 820 1811 salvari
840 1776 976 1822 possit.

253 1825 363 1870 Qm‘a‘
372 1823 674 1870 Affetlzb.—Per
684 1823 936 1859 affectionem
959 1823 1195 1870 intelligitur
1211 1823 1339 1859 simile
1357 1824 1466 1869 quod
1485 1835 1555 1869 per
1566 1834 1677 1859 amo-

88 1864 119 1902 ss,
154 1872 156 1874 ’
181 1881 285 1912 tem:
321 1871 391 1907 sed
415 1883 529 1907 amor
552 1878 613 1906 est
637 1871 741 1906 sicut
765 1870 866 1911 fons,
893 1878 934 1906 et
958 1870 1190 1906 affectiones
1215 1878 1310 1906 sunt
1334 1871 1438 1906 sicut
1468 1872 1540 1906 rivi
1572 1872 1676 1909 inde,

77 1932 102 1964 ζμ
139 1935 142 1937 -
182 1917 239 1958 ita
265 1929 425 1964 quoque
453 1925 548 1954 sunt
575 1918 767 1953 continua
793 1918 890 1963 ejus.
951 1918 1079 1953 Amor
1108 1925 1154 1952 ut
1183 1917 1274 1953 fons
1302 1918 1438 1953 est-in
1467 1919 1677 1953 voluntate

78 1972 95 1999 νιζ
114 1974 133 2012 32
155 1988 158 1993 »
181 1963 374 2002 hominis:
402 1965 633 2001 affectiones
657 1976 760 2011 quae
784 1972 878 2000 sunt
903 1965 975 2000 rivi
1001 1966 1098 2010 ejus,
1124 1976 1194 2010 per
1217 1965 1454 2000 continuum
1480 1966 1611 2000 fluunt
1637 1966 1676 1999 in

182 2011 437 2053 intellectum,
451 2020 492 2048 et
510 2013 563 2047 ibi
582 2012 713 2047 media
729 2013 815 2047 luce
832 2023 881 2047 ex
894 2013 997 2047 veris
1015 2013 1240 2058 producunt
1257 2012 1540 2058 cogitationes:
1567 2024 1677 2058 pror-

83 2058 120 2095 ·.’
146 2075 151 2078 ·
180 2065 250 2095 sus
272 2059 376 2095 sicut
399 2059 556 2095 afflatus
580 2059 721 2094 caloris
742 2060 782 2094 in
808 2060 927 2094 horto
946 2060 1172 2105 producunt
1196 2060 1507 2105 germinationes
1533 2059 1676 2094 mediis

131 2108 146 2135 ἰ
182 2106 302 2143 radiis
326 2107 443 2148 lueis:
471 2117 584 2142 amor
607 2106 728 2141 etiam
756 2107 794 2140 in
816 2118 888 2141 sua
904 2107 1057 2153 origine
1082 2113 1143 2141 est
1168 2107 1276 2141 calor
1291 2107 1400 2146 caeli,
1418 2118 1512 2142 vera
1539 2107 1577 2140 in
1604 2117 1677 2141 sua

182 2153 334 2201 origine
362 2161 456 2189 sunt
486 2154 584 2188 radii
613 2154 712 2188 lucis
741 2154 849 2193 caeli,
879 2161 919 2189 et
949 2154 1214 2200 cogitationes
1243 2161 1336 2188 sunt
1365 2154 1676 2200 germinationes

160 2222 161 2225 =
182 2210 233 2237 ex
255 2201 445 2247 conjugio
463 2201 631 2236 illorum.
683 2201 742 2235 Ex
765 2201 836 2235 tali
862 2201 1050 2254 conjugio
1067 2208 1161 2236 sunt
1178 2211 1318 2235 omnes
1335 2201 1548 2236 societates
1566 2201 1675 2240 caeli,

102 2251 128 2278 ‘l
183 2256 284 2293 quae
318 2247 623 2283 innumerabiles
652 2255 756 2287 sunt,
787 2259 888 2293 quae
923 2259 962 2282 in
997 2259 1069 2283 sua
1099 2248 1272 2282 essentia
1302 2255 1396 2282 sunt
1424 2246 1676 2287 affeftioneffi

183 2301 276 2331 sunt
299 2295 405 2335 enim
430 2306 479 2331 ex
503 2296 634 2330 calore
653 2296 720 2340 qui
747 2303 808 2330 est
824 2306 946 2334 amor.
964 2302 1006 2330 et
1030 2306 1079 2330 ex
1103 2295 1299 2340 sapientia
1316 2305 1418 2339 quae
1443 2304 1503 2330 est
1530 2296 1608 2334 lux,
1627 2306 1677 2330 ex

185 2339 359 2377 Domino
387 2349 432 2377 ut
461 2342 572 2382 Sole:
606 2343 699 2376 inde
730 2343 819 2377 illae
847 2343 1068 2382 societates,
1099 2342 1202 2376 sicut
1231 2342 1282 2376 ibi
1312 2342 1421 2376 calor
1450 2342 1585 2377 unitus
1615 2350 1677 2377 est

95 2415 103 2428 λ
126 2387 132 2391 '
182 2386 272 2429 luci,
289 2395 330 2424 et
354 2389 422 2424 lux
448 2390 559 2424 unita
575 2397 636 2425 est
653 2390 785 2429 calori.
803 2396 896 2424 sunt
914 2388 1144 2424 affectiones
1163 2389 1255 2423 boni
1281 2396 1321 2423 et
1339 2389 1442 2423 veri:
1472 2389 1564 2424 inde
1581 2395 1677 2424 sunt

80 2441 135 2475 {stt
182 2435 446 2482 agitationes
462 2437 642 2471 omnium
665 2436 702 2471 in
731 2437 806 2472 illis
823 2436 1091 2471 societatibus.
1143 2435 1201 2470 Ex
1219 2436 1296 2470 hoc
1317 2442 1426 2481 patet
1444 2437 1551 2481 quod
1573 2436 1676 2471 soci-

110 2519 133 2534 v,
151 2498 154 2499 ⁷
183 2487 309 2518 etates
324 2483 422 2518 caeli
448 2494 528 2519 non
546 2484 626 2518 sint
643 2484 917 2530 cogitationes.
936 2484 1004 2519 sed
1023 2483 1132 2528 quod
1158 2483 1237 2517 sint
1258 2482 1507 2522 affectionem
1536 2493 1676 2518 conse-

94 2531 142 2573 ’,ᾧ
212 2535 351 2564 uenter
370 2531 478 2576 quod
503 2530 595 2566 duci
621 2541 691 2576 per
714 2531 924 2566 societates
947 2531 1032 2565 illas
1057 2531 1108 2564 sit
1134 2530 1224 2564 duci
1251 2541 1322 2575 per
1345 2528 1586 2569 affectiones,
1604 2541 1674 2565 seu

115 2583 130 2621 ξ
183 2537 274 2611 gnei
291 2587 361 2622 per
375 2576 605 2613 affectiones
622 2578 674 2613 sit
691 2578 782 2613 duci
797 2589 866 2623 per
882 2578 1112 2617 societates:
1137 2587 1257 2622 quare
1280 2577 1319 2611 in
1341 2588 1446 2612 nunc
1471 2577 1675 2622 sequenti·

183 2621 259 2658 bus
301 2634 345 2658 ro
360 2624 617 2660 societatibus
635 2625 818 2660 dicentur
834 2624 1076 2660 afl'ec‘tiones.

105 2669 121 2690 ³
293 2681 371 2706 unc
395 2671 559 2712 dicetur,
587 2673 668 2707 Cur
690 2672 799 2706 homo
823 2683 848 2706 a
869 2673 1037 2707 Domino
1056 2672 1212 2706 ducitur
1222 2674 1297 2716 per
1312 2671 1524 2716 affec‘i'iones
1542 2676 1579 2705 et
1598 2682 1673 2706 non

81 2708 84 2736 ³
100 2732 126 2765 χ
174 2717 253 2763 per
266 2718 675 2763 agaunum—Dum
694 2719 816 2754 homo
834 2730 904 2764 per
918 2717 1149 2754 affectiones
1166 2729 1190 2753 a
1209 2718 1382 2753 Domino
1399 2719 1568 2757 ducitur.
1585 2726 1674 2764 pot-

87 2795 92 2802 <
109 2777 125 2814 -ζ
142 2802 144 2806 ,
184 2769 245 2798 est
262 2763 326 2799 ille
341 2766 559 2800 secundum
577 2776 715 2801 omnes
733 2767 839 2812 leges
855 2766 1021 2801 Divinae
1039 2765 1312 2811 providentiae
1329 2765 1455 2810 Ipsius
1473 2766 1575 2805 duci,
1591 2777 1671 2800 non

183 2815 316 2846 autem
345 2812 378 2847 si
408 2823 477 2857 per
500 2813 783 2866 cogitationes;
816 2811 1047 2848 affectiones
1077 2823 1156 2847 non
1187 2823 1229 2847 se
1256 2811 1511 2847 manifestant
1536 2823 1670 2848 coram

120 2861 131 2870 ³
184 2855 355 2898 homine,
380 2859 449 2895 sed
479 2860 742 2906 cogitationes
770 2860 1043 2895 manifestant:
1077 2867 1161 2894 tum
1188 2858 1419 2894 affeftiones
1444 2861 1671 2904 producunt

184 2904 455 2950 cogitationes,
481 2906 551 2941 sed
576 2907 841 2952 cogitationes
867 2918 946 2942 non
974 2907 1199 2952 producunt
1224 2905 1473 2946 affectiones:
1507 2913 1671 2952 apparet

185 2949 286 2987 sicut
302 2952 532 2998 producant,
547 2954 615 2989 sed
634 2960 695 2989 est
712 2953 883 2995 fallacia;
909 2961 949 2989 et
966 2964 1055 2989 cum
1074 2951 1305 2988 affeffiones
1323 2954 1548 2999 producunt
1561 2954 1670 3000 cogi-
