1962 3328
597 265 841 306 CAP.XV1.,
863 264 1000 296 VERs.
1029 255 1196 296 18.—-N.
1225 253 1342 295 1016.
1527 273 1530 277 ·
1599 252 1712 305 2589
1743 241 1749 245 ’

231 378 290 415 Ex
314 378 378 414 his
393 384 503 424 patet
520 378 626 423 quod
654 380 944 422 praeceptum,⁴
947 374 1057 410 ‘Non
1075 373 1268 414 occidesl’
1287 372 1463 408 involvat
1481 371 1601 407 etiam
1619 372 1711 405 Jvon

228 426 312 460 odio
323 425 471 460 habebis
478 426 715 470 proszmum
729 430 815 457 tum
833 423 922 456 Non
934 422 1018 456 odio
1034 421 1182 456 habebis
1192 422 1325 455 bonum
1337 420 1509 454 ecclesiae
1524 423 1560 452 et
1574 429 1709 452 verum

227 474 334 518 q'us‚·
361 482 452 506 nam
477 471 510 506 si
535 471 629 506 odio
655 471 776 504 habes
801 470 948 504 bonum
974 475 1015 503 et
1030 479 1179 507 verum,
1197 475 1293 502 tunc
1318 467 1413 501 odio
1439 466 1560 500 habes
1578 465 1710 510 proxi-

229 529 357 558 mum;
385 524 426 553 et
450 518 544 552 odio
570 518 712 552 habere
738 523 799 551 est
814 516 916 550 velle
932 515 1122 550 occidere.
1174 514 1271 548 Inde
1296 520 1357 548 est
1382 513 1488 558 quod
1515 511 1708 550 diabolus,

229 576 298 612 per
309 576 425 611 quem
443 564 675 610 intelligitur
689 563 912 598 infemum'
904 574 942 596 in
961 561 1070 596 omni
1087 561 1308 606 complexu,
1326 571 1350 595 a
1368 559 1541 594 Domino
1555 558 1711 593 dicatur

622 642 825 672 “Homicida
838 643 879 671 ab
893 642 981 671 initio
992 641 1009 652 ··
1027 641 1055 680 [(
1061 641 1139 681 Jon.
1154 641 1216 671 viii.
1231 639 1312 679 44)].

305 770 467 814 1015.
497 760 576 800 “ft
591 763 731 800 iet-rae
749 763 880 800 motus
900 759 1039 799 faetus
1058 761 1125 799 esi
1140 756 1546 811 maynu3.”—Quod
1567 756 1707 809 signi-

197 836 201 837 ’
225 820 331 862 ficet
352 828 517 862 statum
533 820 731 861 ecclesiae
739 827 931 873 prorsus
952 820 1244 868 immutatum,
1264 825 1444 860 constat
1462 832 1520 859 ex
1537 817 1707 871 signifi-

225 884 402 925 catione
435 888 618 924 “terrae
650 883 836 931 motus,'‘
858 883 978 936 quod
1009 883 1067 922 sit
1098 882 1288 922 mutatio
1313 889 1458 922 status
1489 881 1707 921 ecclesiae

163 959 168 962 ’
225 955 660 995 (dequa[supm].n.4oo,
678 956 806 996 499);
840 950 1001 984 “terra
1013 944 1033 959 ’'
1054 945 1174 984 enim
1196 943 1422 996 significat
1447 943 1705 991 ecclesiam,

224 1019 276 1047 ac
306 1006 526 1047 “motus''
552 1006 849 1046 mutationem
881 1012 1051 1055 status;
1089 1010 1135 1045 et
1166 1005 1267 1057 quia
1298 1004 1458 1044 dicitur
1482 1004 1601 1057 quod
1632 1003 1706 1043 ille

227 1067 404 1109 “sactus
430 1070 487 1109 sit
518 1068 747 1121 magnus,”
772 1067 1060 1121 significatur,
1088 1067 1207 1120 quod
1238 1074 1384 1107 status
1415 1079 1593 1119 prorsus
1624 1067 1707 1106 im-

225 1137 423 1171 mutatus
449 1132 519 1172 sit.

225 1221 442 1245 (centinuatiode
451 1221 563 1247 Septim
572 1221 666 1242 haece
653 1223 709 1247 capt
709 1222 729 1246 .)

285 1256 669 1343 Ιἓιιοῐιὶειῐῐι.οιῖ1ἰιιῐῐι,
688 1257 795 1302 quod
821 1263 886 1310 est.
905 1257 1006 1291 velle
1030 1257 1220 1296 occidere,
1242 1263 1302 1291 est
1328 1257 1556 1301 oppositum
1582 1257 1707 1292 amori

226 1303 266 1338 in
322 1314 498 1338 ominum
530 1311 570 1338 et
588 1315 746 1349 quoque
763 1303 888 1338 amori
906 1315 999 1349 erga
1016 1303 1250 1348 proximum,
1269 1311 1308 1338 et
1330 1304 1370 1337 hi
1389 1314 1543 1339 amores
1557 1303 1707 1339 faciunt

225 1349 376 1385 caelum
395 1351 499 1395 apud
519 1350 731 1391 hominem,
747 1357 856 1395 patet
869 1351 975 1395 quod
990 1351 1137 1390 odium,
1151 1351 1244 1395 quia
1262 1358 1323 1385 est
1334 1351 1573 1395 oppositum,
1589 1351 1708 1386 faciat

226 1397 422 1432 infernum
448 1398 553 1442 apud
580 1397 700 1432 illum.
752 1397 858 1442 Ignis
884 1397 1085 1431 infernalis
1103 1408 1175 1432 nec
1192 1398 1297 1431 aliud
1324 1404 1384 1431 est
1409 1408 1527 1442 quam
1549 1398 1706 1437 odium:

224 1454 344 1489 quare
362 1443 481 1478 etiam
501 1443 652 1478 inferna
669 1450 860 1488 apparent
877 1444 979 1478 sicut
1005 1444 1043 1477 in
1071 1444 1161 1489 igne
1186 1450 1287 1478 tetre
1306 1445 1470 1479 rubente
1488 1445 1705 1479 secundum

224 1490 340 1535 quale
365 1496 405 1524 et
422 1497 612 1535 quantum
632 1491 725 1530 odii,
744 1497 784 1525 et
810 1491 848 1524 in
875 1490 966 1536 igne
990 1497 1092 1524 tetre
1110 1491 1337 1525 flammante
1355 1491 1571 1525 secundum
1590 1492 1707 1536 quale

224 1543 266 1572 et
281 1543 473 1582 quantum
491 1535 689 1572 vindiciae
706 1548 754 1572 ex
772 1537 877 1572 odio.
927 1536 1124 1583 Quoniam
1146 1538 1282 1571 odium
1309 1544 1350 1572 et
1374 1548 1487 1572 amor
1511 1545 1604 1572 sunt
1629 1538 1705 1573 sibi

224 1593 247 1618 e
272 1583 467 1618 diametro
491 1584 684 1629 opposita,
703 1590 743 1618 et
767 1584 954 1629 quoniam
977 1584 1068 1618 inde
1093 1584 1229 1618 odium
1256 1583 1351 1618 facit
1377 1584 1573 1619 infernum
1599 1586 1704 1629 apud

155 1651 169 1662 «
226 1629 440 1670 hominem,
466 1630 567 1665 sicut
593 1641 704 1665 amor
728 1629 822 1665 facit
846 1631 997 1667 caelum
1023 1631 1128 1676 apud
1158 1631 1280 1670 illurn,
1308 1631 1398 1666 ideo
1426 1630 1620 1666 Dominus
1652 1631 1707 1666 ita

225 1676 354 1716 docet.

285 1758 303 1773 “
313 1755 346 1785 Si
358 1778 366 1786 .
379 1779 386 1786 .
397 1757 548 1785 obtuleris
562 1766 677 1785 munus
691 1761 781 1786 tuum
796 1766 890 1794 super
903 1757 1009 1792 altare,
1021 1762 1052 1786 et
1067 1759 1152 1795 apud
1166 1758 1228 1786 hoc
1242 1759 1423 1787 recordatus
1438 1758 1530 1787 fueris
1545 1759 1632 1795 quod
1648 1758 1707 1787 fra-

385 1801 433 1825 ter
446 1801 519 1825 tuus
532 1797 647 1825 habeat
661 1798 779 1834 aliquid
794 1802 904 1826 contra
918 1803 958 1831 te,
974 1799 1115 1834 relinque
1129 1798 1172 1826 ibi
1187 1807 1303 1827 munus
1316 1821 1322 1827 .
1337 1822 1343 1827 .
1356 1807 1462 1827 coram
1477 1799 1575 1832 altari.
1591 1804 1622 1827 et
1642 1799 1705 1832 abi,

381 1837 468 1874 prius
482 1837 682 1865 reconciliare
697 1837 779 1866 smtri
795 1842 860 1871 tuo,
875 1843 906 1866 et
920 1843 996 1866 tunc
1009 1838 1137 1866 veniens
1151 1838 1231 1866 offer
1244 1847 1359 1867 munus
1374 1844 1474 1867 tuum.
1519 1839 1596 1867 Esto
1610 1839 1706 1867 bene-

383 1877 551 1905 volentiam
568 1877 667 1905 iniens
678 1886 750 1906 cum
766 1878 944 1906 adversario
959 1883 1024 1911 tuo,
1040 1879 1116 1906 dum
1132 1878 1163 1906 in
1178 1879 1228 1906 via
1242 1887 1275 1906 es
1289 1887 1361 1907 cum
1378 1879 1449 1912 illo:
1476 1888 1515 1907 ne
1529 1880 1660 1915 quando
1674 1885 1705 1907 te

383 1917 486 1945 tradat
499 1918 694 1945 adversarius
704 1917 814 1954 judici,
829 1923 859 1946 et
870 1918 968 1955 judex
990 1919 1092 1946 tradat
1114 1922 1144 1946 te
1165 1919 1316 1951 ministro,
1332 1923 1362 1947 et
1383 1919 1414 1947 in
1437 1927 1592 1947 carcerem
1609 1920 1706 1956 conji-

382 1957 487 1990 cias-im
513 1965 606 1985 amen
621 1958 693 1986 dico
714 1957 779 1992 tibi,
794 1966 860 1986 non
875 1958 972 1986 exibis
985 1981 991 1986 .
1005 1981 1012 1987 .
1025 1959 1127 1986 donec
1142 1959 1310 1987 exsolveris
1324 1959 1470 1987 ultimum
1485 1960 1673 1988 dodrantem
1685 1959 1703 1969 ““

384 1997 516 2034 (Matth.
533 2006 560 2026 v.
577 1998 708 2035 21-26):

224 2080 316 2120 per‘
318 2075 436 2109 ‘tradi
450 2075 584 2120 judici,
598 2082 638 2110 et
655 2086 678 2110 a
693 2076 824 2121 judice
839 2076 1032 2116 ministro,
1047 2083 1087 2111 et
1103 2077 1152 2110 ab
1167 2076 1270 2111 hoc
1261 2088 1299 2111 m
1314 2087 1508 2112 carcerem
1523 2077 1704 2122 conjiciss’

224 2121 459 2156 describitur
475 2129 602 2157 status
620 2122 792 2157 hominis
809 2123 877 2168 qui
904 2123 943 2156 in
961 2123 1055 2157 odio
1073 2130 1133 2158 est
1151 2130 1242 2168 post
1260 2130 1440 2163 mortem,
1459 2135 1506 2158 ex
1529 2135 1578 2158 eo
1595 2124 1702 2169 quod

225 2167 266 2202 in
282 2168 376 2203 odio
393 2175 531 2202 contra
544 2168 702 2203 fratrem
722 2168 875 2203 fuerat'
866 2180 905 2203 1n
933 2170 1099 2208 mundo;
1131 2177 1171 2204 et
1196 2175 1289 2214 per
1294 2171 1528 2205 ‘'carcer-em
1533 2170 1704 2205 'intelli-

222 2214 329 2260 gitur
345 2214 551 2254 infernum,
569 2222 610 2250 et
634 2221 729 2260 per‘
733 2217 955 2250 ‘exsolvere
972 2216 1154 2250 ultimum
1175 2217 1442 2251 dodrantem’'
1460 2217 1705 2263 significatur

223 2270 361 2306 poena,
379 2272 479 2307 quae
496 2269 660 2296 vocatur
678 2262 779 2308 ignis
796 2269 990 2297 aeternus.

301 2374 466 2417 1016.
505 2374 673 2419 “Qualis
706 2387 783 2415 non
820 2375 958 2416 faetus
987 2380 1055 2417 est
1081 2389 1135 2416 ex
1166 2388 1242 2428 quo
1270 2375 1448 2416 homines
1481 2376 1588 2416 facti
1610 2381 1708 2418 sunt

201 2445 348 2486 supet·
375 2433 520 2474 iet-ra!
522 2433 725 2486 '—Quod
755 2435 980 2487 significet
1010 2436 1129 2489 quod
1146 2435 1282 2487 plane
1310 2449 1517 2475 znversus
1534 2436 1700 2487 suerin

216 2494 322 2546 plus
342 2509 474 2549 quam
495 2495 702 2535 haelenus
715 2495 876 2546 ficerat
895 2498 940 2537 in
962 2498 1098 2538 terrzs
1125 2496 1200 2536 ubl
1220 2495 1406 2544 ecclam,
1431 2504 1611 2538 constat
1642 2511 1701 2538 ex

222 2557 545 2610 significatione
578 2557 759 2611 “qualis
790 2565 935 2600 terrae
967 2567 1117 2600 motus
1149 2572 1237 2598 non
1270 2557 1409 2598 faetus
1440 2559 1548 2606 est,”
1579 2560 1698 2612 quod

221 2620 279 2661 sit
304 2625 448 2661 status
473 2619 687 2661 ecclesiae
714 2621 775 2661 ita
801 2629 999 2662 mutatus
1025 2628 1073 2662 ut
1100 2621 1198 2674 plus
1224 2634 1355 2674 quam
1381 2619 1609 2670 hactenus,
1637 2623 1701 2663 ita

222 2682 354 2735 plane
379 2696 618 2724 conversus
634 2697 644 2733 ;
676 2690 722 2724 et
749 2698 807 2724 ex
834 2685 1159 2737 significatione
1184 2685 1453 2725 “hominum
1485 2684 1700 2726 sactorum

222 2757 352 2797 super
372 2745 528 2793 terra,”
549 2745 668 2798 quod
690 2746 747 2786 sit
768 2747 886 2799 apud
911 2747 1011 2787 illos
1032 2748 1105 2800 qui
1127 2747 1184 2787 ab
1205 2747 1408 2795 ecclesia,
1428 2749 1490 2788 ita
1507 2749 1550 2788 in
1572 2750 1700 2789 terris

222 2806 296 2846 ubi
319 2806 519 2847 ecclesia.
578 2806 746 2860 Agitur
770 2809 839 2848 hic
865 2809 1078 2861 imprimis
1104 2809 1160 2849 de
1185 2816 1307 2850 statu
1338 2810 1553 2851 ecclesiae
1580 2811 1698 2863 apud

223 2867 520 2919 Reformatos,
548 2883 636 2910 non
663 2870 779 2923 apud
807 2870 1093 2924 Babylonios,
1121 2871 1178 2912 de
1203 2872 1270 2912 his
1296 2873 1413 2913 enim
1440 2874 1482 2914 in
1508 2887 1699 2927 sequen-
