1962 3328
0 3106 22 3328 mfflwwwgur

618 293 686 325 DE
717 291 898 325 DIVINO
927 292 1281 325 AMORE—XIV.
1638 291 1690 336 25

207 407 329 448 mino
350 413 397 448 et
421 413 606 461 propter
626 407 894 460 proximum.
954 406 1124 447 Dicunt
1145 405 1325 459 quidem
1347 411 1394 446 et
1419 406 1693 459 persuadent

206 470 326 523 quod
343 470 433 510 sint
455 476 639 523 propter
655 469 911 522 proximum
927 469 972 509 in
994 468 1090 508 lato
1108 475 1155 509 et
1171 469 1216 508 in
1234 466 1391 508 stricto
1408 481 1542 508 sensu
1558 469 1693 509 intel-

206 531 387 580 lec'tum,
410 532 497 573 hoc
520 539 605 580 est,
625 538 808 585 propter
828 531 1099 579 Ecclesiam,
1123 531 1333 578 Patriam,
1354 531 1624 571 societatem
1646 538 1693 572 et

206 596 442 645 concives;
479 595 660 648 quidam
691 595 828 635 etiam
858 593 1028 634 audent
1059 593 1207 634 dicere
1238 594 1358 647 quod
1389 595 1479 634 sint
1510 601 1695 648 propter

206 658 353 699 Deum
374 659 477 711 quia
501 671 560 698 ex
587 657 812 697 mandatis
838 656 983 710 Ipsius
1007 656 1053 696 in
1074 655 1243 704 Verbo,
1267 663 1315 696 et
1340 671 1516 710 quoque
1541 670 1568 697 a
1594 656 1694 698 Deo

205 721 308 774 quia
323 727 428 761 sunt
446 720 580 767 bona,
599 733 650 760 ac
670 733 804 760 omne
820 719 988 759 bonum
1006 724 1076 759 est
1093 732 1119 759 a
1137 718 1237 759 Deo
1253 733 1263 769 ;
1297 732 1399 759 cum
1417 726 1572 760 tamen
1589 733 1694 760 usus

205 797 317 837 quos
332 783 500 824 faciunt
514 790 619 823 sunt
637 788 822 835 propter
833 795 881 822 se
895 782 998 835 quia
1014 795 1074 822 ex
1088 795 1150 829 se,
1166 795 1218 822 ac
1237 789 1422 835 propter
1437 783 1693 835 proximum

205 846 464 887 ut‘redeant
485 845 542 885 ad
564 859 625 885 se.
686 843 1037 897 Cognoscuntur
1052 850 1100 885 et
1120 844 1418 884 dinoscuntur
1438 844 1496 884 ab
1517 844 1605 885 illis
1622 845 1695 898 qui

205 922 310 950 usus
324 908 492 950 faciunt
509 922 569 948 ex
587 907 798 954 Domino,
818 913 1002 960 propter
1018 907 1275 960 proximum
1292 907 1336 947 in
1359 906 1455 947 lato
1472 914 1518 948 et
1536 905 1694 948 stricto

204 985 339 1013 sensu
358 968 654 1018 intellectum,
673 969 793 1023 quod
815 970 859 1009 in
881 969 1068 1022 singulis
1090 967 1299 1022 spe&ent
1321 983 1369 1010 se
1391 976 1439 1010 et
1460 970 1692 1019 mundum,

203 1034 325 1089 quod
340 1040 496 1075 ament
513 1033 678 1073 famam
695 1038 880 1086 propter
895 1033 1042 1073 varios
1059 1032 1171 1073 fines
1188 1033 1262 1086 qui
1278 1039 1384 1073 sunt
1401 1047 1504 1073 usus
1522 1047 1603 1087 pro
1619 1047 1667 1074 se
1683 1047 1694 1084 ;

203 1096 457 1138 afficiuntur
478 1097 616 1137 etiam
633 1096 783 1136 usibus
799 1101 1017 1148 quantum
1040 1095 1198 1136 vident
1220 1109 1268 1136 se
1290 1102 1337 1136 et
1360 1109 1488 1136 suum
1510 1097 1554 1136 in
1576 1095 1663 1136 illis
1683 1110 1693 1147 ;

203 1166 438 1214 praeterea
458 1159 654 1212 jucunda
677 1158 857 1199 illorum
882 1164 988 1198 sunt
1013 1159 1166 1198 omnia
1185 1157 1384 1210 jucunda
1408 1160 1623 1212 corporis,
1647 1166 1695 1201 et

203 1236 229 1264 e
254 1222 422 1263 mundo
446 1227 666 1276 quaerunt
690 1221 795 1262 illa:
828 1220 983 1275 quales
1005 1227 1125 1269 sunt,
1153 1235 1213 1261 ex
1239 1221 1323 1262 hac
1351 1222 1694 1275 comparatione

203 1285 415 1326 illustrari
440 1284 752 1338 potest,—ipsi
777 1291 882 1324 sunt
908 1290 1059 1337 caput,
1085 1284 1278 1324 mundus
1303 1291 1375 1325 est
1400 1297 1577 1338 corpus,
1602 1284 1694 1326 Ec·-

203 1348 355 1397 clesia,
386 1348 548 1396 Patria,
576 1347 787 1388 concives
817 1353 923 1387 sunt
954 1346 1140 1400 plantae
1171 1347 1352 1400 pedum,
1380 1361 1433 1388 ac
1466 1347 1591 1388 Deus
1622 1354 1694 1389 est

203 1411 395 1452 calceus.
455 1410 523 1451 At
553 1409 640 1450 illis
665 1410 739 1463 qui
769 1407 971 1450 faciuntffl
997 1423 1101 1450 usus
1128 1424 1188 1450 ex
1219 1423 1374 1450 amore
1400 1414 1568 1459 eorum,
1598 1410 1693 1451 Do-

203 1475 350 1516 minus
379 1480 450 1515 est
481 1479 631 1526 caput,
659 1472 882 1521 Ecclesia,
910 1473 1074 1521 Patria,
1101 1473 1237 1522 cives,
1264 1487 1379 1527 quae
1404 1479 1508 1514 sunt
1539 1474 1694 1527 proxi-

203 1550 315 1586 mus,
341 1543 447 1577 sunt
476 1549 636 1589 corpus
667 1549 805 1589 usque
836 1535 894 1575 ad
924 1548 1087 1588 genua,
1115 1549 1167 1576 ac
1200 1536 1393 1576 mundus
1418 1542 1523 1577 sunt
1554 1537 1694 1590 pedes

202 1613 230 1640 a
245 1599 450 1653 genubus
474 1598 532 1639 ad
558 1598 753 1652 plantas,
777 1611 829 1639 ac
856 1598 939 1651 ipsi
964 1605 1068 1639 sunt
1094 1598 1279 1652 plantae
1305 1598 1492 1652 pulchre
1513 1599 1692 1640 calcea-

202 1668 292 1704 tae.
352 1662 464 1703 Inde
494 1667 623 1715 patet
659 1661 778 1715 quod
814 1675 994 1714 prorsus
1024 1662 1188 1702 inversi
1223 1662 1328 1710 sint,
1361 1668 1409 1702 et
1444 1662 1565 1716 quod
1601 1675 1692 1703 non

202 1725 369 1779 aliquid
398 1724 593 1765 hominis
618 1725 676 1765 sit
706 1725 751 1765 in
782 1724 883 1773 illis,
910 1724 984 1778 qui
1009 1738 1069 1765 ex
1095 1738 1143 1764 se
1168 1738 1247 1765 seu
1271 1738 1332 1765 ex
1358 1725 1424 1765 sui
1449 1738 1603 1766 amore
1627 1725 1693 1766 fa-

203 1788 328 1829 ciunt
357 1801 475 1828 usuS.
535 1786 651 1828 Sunt
687 1787 820 1827 binae
852 1787 1049 1840 origines
1075 1788 1276 1827 omnium
1308 1801 1513 1828 amorum
1537 1794 1592 1829 et
1613 1788 1693 1838 ,af-

202 1849 470 1900 fe&ionum;
502 1863 589 1890 una
611 1857 680 1891 est
702 1863 762 1890 ex
785 1849 891 1890 Sole
913 1849 1027 1890 caeli
1049 1851 1123 1903 qui
1144 1857 1215 1890 est
1237 1863 1371 1903 purus
1387 1863 1527 1899 amor,
1547 1850 1694 1892 altera

130 1955 135 1958 .
203 1927 263 1955 ex
285 1913 382 1954 sole
403 1913 556 1954 mundi
577 1914 650 1966 qui
672 1920 742 1954 est
769 1927 902 1966 purus
923 1913 1053 1966 igniS.
1115 1913 1187 1954 Illi
1208 1913 1367 1967 quibus
1389 1927 1516 1954 amor
1537 1921 1607 1955 est
1632 1914 1693 1955 ex

203 1975 310 2017 Sole
334 1976 448 2017 caeli
473 1982 578 2016 sunt
604 1976 857 2029 spirituales
889 1983 936 2017 et
967 1977 1068 2025 vivi,
1097 1983 1144 2017 et
1175 1990 1201 2016 a
1234 1976 1431 2016 Domino
1457 1976 1694 2018 elevantur

202 2053 263 2081 ex
287 2041 491 2093 proprio;
523 2039 587 2080 illi
612 2046 764 2080 autem
786 2040 944 2093 quibus
965 2053 1093 2080 amor
1114 2047 1184 2081 est
1210 2054 1270 2080 ex
1292 2039 1388 2080 sole
1411 2040 1565 2081 mundi
1586 2047 1692 2082 sunt

203 2102 430 2143 naturales
447 2108 493 2142 et
516 2103 694 2150 mortui,
713 2108 760 2142 et
782 2116 808 2142 a
829 2116 877 2142 se
899 2103 1227 2155 immerguntur
1248 2116 1328 2142 suo
1351 2103 1556 2155 proprio;
1587 2103 1692 2144 inde

202 2171 274 2206 est
298 2165 418 2219 quod
440 2164 584 2205 solam
607 2171 814 2208 naturam
836 2165 1021 2206 videant
1047 2166 1091 2205 in
1117 2165 1324 2205 omnibus
1347 2163 1533 2217 objeffis
1554 2166 1689 2214 visus,

202 2234 250 2269 et
270 2228 307 2268 si
327 2234 583 2281 agnoscunt
607 2227 753 2268 Deum
772 2234 842 2268 est
864 2242 941 2268 ore
962 2234 1009 2268 et
1031 2241 1122 2268 non
1144 2228 1293 2268 corde.
1355 2227 1469 2268 Sunt
1491 2228 1536 2268 hi
1552 2229 1626 2282 qui
1647 2229 1691 2269 in

202 2290 358 2332 Verbo
387 2290 703 2343 intelliguntur
733 2304 812 2344 per
841 2290 1105 2331 adoratores
1135 2290 1256 2338 solis,
1291 2289 1437 2338 lunae,
1468 2296 1515 2331 et
1546 2291 1692 2331 omnis

202 2354 429 2395 exercitus
462 2353 702 2394 caelorum.
763 2352 823 2394 Hi
857 2353 1036 2406 quidem
1073 2353 1118 2393 in
1154 2353 1322 2393 mundo
1358 2353 1576 2406 spirituali
1611 2367 1691 2407 ap-

202 2422 363 2470 parent
393 2423 442 2457 ut
472 2417 691 2463 homines,
718 2416 798 2456 sed
828 2416 873 2456 in
904 2415 1004 2457 luce
1033 2415 1147 2456 caeli
1178 2422 1227 2456 ut
1258 2423 1488 2466 monstra;
1525 2423 1572 2457 et
1597 2417 1692 2457 vita

202 2478 380 2520 illorum
410 2485 597 2532 apparet
631 2478 719 2519 illis
750 2485 799 2519 ut
829 2479 937 2527 vita,
970 2478 1065 2521 sed?
1085 2478 1260 2531 angelis
1291 2485 1340 2519 ut
1372 2492 1505 2519 mors.
1566 2479 1692 2519 Inter

202 2541 287 2582 hos
317 2547 421 2581 sunt
453 2540 581 2581 multi
606 2541 680 2594 qui
710 2554 791 2594 pro
819 2541 1004 2581 eruditis
1034 2541 1078 2582 in
1110 2541 1279 2581 mundo
1309 2541 1538 2582 aestimati
1569 2547 1688 2590 sunt,

202 2609 264 2652 et,
296 2603 417 2657 quod
451 2604 626 2656 saepius
662 2604 847 2644 miratus
883 2617 995 2651 sum,
1028 2604 1257 2657 sapientes
1288 2617 1336 2644 se
1367 2604 1557 2644 credunt
1588 2604 1690 2656 quia

202 2667 354 2707 omnia
377 2667 576 2707 Naturae
593 2673 640 2707 et
671 2666 935 2720 prudentiae
960 2667 1191 2715 addicunt,
1218 2667 1357 2708 etiam
1382 2666 1577 2720 reliquos
1602 2667 1688 2707 rati

202 2728 442 2783 simplices
