1962 3328
612 275 719 307 CAP.
742 275 859 315 XVI„
882 274 1020 307 VERS.
1044 274 1190 306 2.—N.
1213 265 1309 318 962.
1588 273 1697 316 2531

217 387 323 430 inde
354 401 444 428 non
474 387 519 427 in
550 387 679 428 bonis
709 387 912 437 fuerunt3
953 387 1026 440 qui
1056 387 1160 427 inde
1194 386 1459 427 “ulcerosus
1470 385 1489 400 ''
1515 385 1702 426 dicitur:

219 465 299 505 per
330 450 594 497 “divitem,”
624 451 681 490 ad
712 450 835 502 cujus
864 450 1135 490 vestibulum
1167 447 1391 502 projectus
1422 454 1506 496 est,
1533 447 1705 488 intelli-

217 515 340 567 gitur
363 527 476 567 gens
498 513 695 566 Judaica,
718 527 833 566 quae
858 514 903 553 in
928 514 1044 553 veris
1069 527 1128 553 ex
1156 513 1325 560 Verbo,
1340 511 1461 565 quod
1487 511 1704 560 habebat,

219 578 367 629 potuit
405 590 518 616 esse.
580 575 715 628 Quod
749 575 911 616 “ulcus
942 575 1259 616 efflorescens”
1289 575 1419 615 fuerit
1452 587 1540 615 una
1570 574 1711 626 plaga

218 653 279 680 ex
305 639 451 692 plagis
472 639 692 691 Aegypti,
719 645 847 691 patet
869 639 988 691 apud
1008 638 1176 686 Μοςεη,

284 727 412 760 “Dixit
430 727 592 769 Jehovah
614 728 660 759 ad
685 727 814 759 Mosen
830 734 866 758 et
884 727 929 758 ad
949 727 1166 764 Aharonem,
1186 727 1347 767 Accipite
1364 727 1466 758 vobis
1486 727 1708 767 plenitudine

393 781 592 812 pugnorum
618 778 818 803 vestrorum
844 771 1003 802 favillam
1035 771 1201 808 fornacis,
1225 777 1260 802 et
1288 777 1432 811 spargat
1459 771 1555 801 illam
1585 771 1709 802 Moses

393 825 517 846 versus
532 815 669 846 caelum
685 815 731 846 ad
747 815 868 846 oculos
884 814 1091 850 Pharaonis.
1104 821 1140 846 et
1155 815 1222 845 erit
1237 814 1274 845 in
1292 814 1472 855 pulverem
1487 824 1595 854 super
1607 815 1708 845 omni

393 866 488 890 terra
506 859 671 899 Aegypti.
697 883 705 890 .
720 883 727 889 .
740 883 748 890 .
763 883 771 889 .
781 858 824 889 Et
843 866 1054 898 acceperunt
1073 858 1231 889 favillam
1250 858 1437 894 fornacis..
1451 882 1459 889 .
1473 882 1480 889 .
1495 882 1503 889 .
1525 864 1561 888 et
1577 859 1709 897 sparsit

393 902 492 933 illam
521 901 693 933 Moscheh
721 911 846 933 versus
873 902 1021 939 caelum,
1049 908 1085 933 et
1112 899 1246 932 factum
1276 908 1331 932 est
1361 901 1461 932 ulcus
1488 902 1708 941 pustularum

393 945 618 976 efflorescens
634 946 671 976 in
688 946 833 976 homine
849 951 885 976 et
906 946 944 976 in
960 946 1093 976 bestia:
1122 952 1158 976 et
1181 955 1255 976 non
1280 951 1473 985 potuerunt
1495 945 1590 984 magi
1614 952 1709 976 stare

394 998 513 1020 coram
533 988 704 1020 Moscheh
721 996 866 1029 propter
881 989 992 1026 ulcus,
1008 989 1092 1029 quia
1107 988 1173 1020 fuit
1189 988 1289 1019 ulcus
1306 989 1341 1019 in
1358 988 1473 1028 magis
1489 995 1526 1019 et
1542 988 1578 1018 in
1595 989 1711 1019 omni-

393 1033 460 1063 bus
478 1033 668 1072 Aegyptiis
678 1032 697 1044 ”
712 1033 838 1072 (Exod.
855 1033 900 1064 ix.
917 1033 1035 1072 8-11):

222 1131 302 1171 per
333 1117 650 1158 “Pharaonem
662 1117 686 1132 ”
721 1124 768 1158 et
808 1116 1136 1170 “Aegyptios‘’
1177 1115 1455 1170 significatur
1494 1116 1711 1157 naturalis

221 1181 359 1221 homo
383 1181 591 1220 obsessus
615 1181 673 1220 ab
697 1181 843 1220 omnis
867 1181 1046 1232 generis
1071 1179 1199 1220 malis
1221 1186 1267 1220 et
1293 1179 1428 1227 falsis,
1455 1187 1502 1220 et
1528 1177 1710 1220 affecta-

223 1243 288 1284 tio
312 1243 496 1283 dominii
521 1242 736 1283 naturalis
761 1243 953 1282 hominis
978 1256 1110 1295 super
1135 1242 1438 1294 spiritualem;
1470 1242 1712 1294 spiritualis

222 1306 360 1346 homo
390 1305 725 1358 significabatur
755 1306 814 1346 ibi
851 1319 930 1358 per
963 1304 1114 1346 “filios
1147 1305 1348 1355 Israelis,
1387 1319 1465 1358 per
1497 1305 1713 1345 miracula

221 1369 296 1416 ibi,
323 1381 437 1422 quae
463 1376 591 1409 erant
617 1369 809 1409 totidem
835 1368 1011 1421 plagae,
1039 1376 1086 1408 et
1112 1382 1288 1421 quoque
1310 1372 1561 1408 vocantur‘
1569 1372 1711 1407 ‘mor-

223 1431 306 1478 bi,”
331 1431 638 1484 significantur
663 1432 856 1472 totidem
883 1431 1003 1471 mala
1033 1439 1079 1472 et
1110 1431 1221 1471 salsa
1251 1431 1523 1478 infestantia,
1547 1431 1711 1470 devas-

214 1492 369 1535 ‘tantia
392 1500 439 1535 et
461 1494 739 1535 destruentia
755 1494 993 1535 ecclesiam
1016 1508 1129 1547 quae
1151 1495 1269 1546 apud
1291 1494 1544 1547 spirituales
1567 1494 1712 1534 homi-

224 1570 331 1607 nes;
377 1569 457 1609 per
498 1557 736 1597 “favillam
780 1557 1012 1605 fornacis,’'
1042 1570 1175 1610 quam
1219 1556 1439 1597 Moscheh
1479 1562 1714 1609 spargeret

222 1633 376 1660 versus
407 1620 595 1668 caelum,
622 1620 930 1674 significantur
960 1620 1071 1660 salsa
1102 1621 1414 1673 cupiditatum,
1442 1634 1555 1673 quae
1587 1620 1713 1660 exci-

224 1689 404 1734 tantun
436 1696 515 1736 per
538 1688 563 1703 “
577 1684 806 1736 pulverem
827 1684 871 1724 in
893 1691 1013 1724 terra
1034 1683 1273 1736 Aegypti”
1291 1682 1567 1736 significatur
1583 1683 1714 1723 dam·

224 1746 373 1786 natio:
407 1759 485 1799 per
499 1747 662 1787 “ulcus
683 1746 968 1787 efflorescens
990 1746 1180 1798 pustulis
1191 1746 1210 1760 ”
1221 1746 1530 1798 significantur
1551 1759 1712 1798 spurca

224 1806 478 1847 voluntatis
502 1821 604 1848 cum
624 1807 934 1860 blaSPhemllS.
993 1818 1071 1854 (Sed
1085 1818 1164 1846 haec
1178 1818 1360 1855 singillatim
1376 1818 1533 1854 explicata
1548 1818 1717 1847 videantur

222 1871 258 1900 in
270 1871 409 1900 Arcanis
426 1871 621 1905 Caelestibus,
636 1880 667 1900 n.
683 1872 889 1909 7516-7532)
932 1859 1105 1901 Similia
1126 1861 1280 1913 itaque
1302 1859 1616 1912 significantur
1634 1874 1715 1913 per

225 1921 338 1962 haec
363 1922 481 1974 apud
505 1921 673 1969 Mosen,

292 2009 499 2041 “Percutiet
515 2015 549 2041 te
568 2009 730 2051 Jehovah
748 2010 865 2041 ulcere
882 2010 1050 2050 Aegypti,
1068 2017 1103 2041 et
1122 2010 1467 2047 haemorrhoidibus,
1484 2017 1519 2041 et
1538 2011 1656 2041 scabie
1681 2017 1718 2041 et

400 2054 589 2094 prurigine,
613 2060 652 2085 ut
675 2063 747 2084 non
773 2055 889 2094 possis
913 2055 1057 2091 sanari„
1116 2064 1202 2094 .quo
1226 2054 1288 2085 fies
1313 2054 1459 2084 insanus
1491 2055 1537 2084 ab
1568 2052 1715 2093 aspeciu

403 2098 601 2129 oculorum.
636 2097 839 2129 ..Percutiet
862 2104 898 2128 te
920 2097 1082 2139 Jehovah
1106 2098 1222 2128 ulcere
1246 2098 1344 2151 malo
1366 2107 1472 2136 super
1494 2099 1657 2137 genubus
1681 2105 1717 2128 et

399 2150 507 2180 super
529 2141 735 2178 femoribus,
759 2151 781 2171 a
804 2142 931 2181 quibus
956 2151 1028 2183 non
1053 2142 1171 2181 possis
1195 2141 1333 2171 sanari’
1337 2141 1496 2180 '(D<·utr.
1517 2141 1638 2171 xxviii.
1663 2149 1715 2179 27,

401 2184 542 2223 34-36)=

228 2280 307 2321 per
324 2266 521 2319 “plagas
532 2265 552 2280 ”
568 2267 627 2307 ibi
653 2267 907 2307 nominatas
933 2266 1240 2319 significantur
1266 2266 1384 2306 mala
1410 2273 1455 2306 et
1482 2266 1593 2306 falsa
1606 2267 1717 2306 varii

228 2330 406 2382 generis
446 2343 505 2369 ex
550 2330 773 2369 amoribus
812 2330 982 2381 spurcis
1023 2329 1239 2369 naturalis
1279 2330 1471 2369 hominis
1511 2330 1713 2376 oriunda,

229 2392 584 2444 correspondent
616 2393 760 2442 enim;
804 2405 907 2432 nam
948 2392 1099 2432 ulcera
1136 2400 1182 2432 et
1209 2392 1394 2431 vulnera
1425 2405 1484 2431 ex
1517 2391 1715 2431 laesione

230 2455 374 2495 carnis
399 2462 445 2495 et
470 2456 698 2507 sanguinis
730 2455 948 2501 existunt,
976 2468 1027 2495 ac
1060 2454 1178 2494 mala
1210 2462 1256 2494 et
1287 2454 1397 2494 falsa
1428 2468 1486 2494 ex
1518 2454 1716 2494 laesione

230 2515 379 2556 Divini
406 2516 517 2557 Boni
543 2531 593 2557 ac
621 2517 769 2557 Divini
796 2517 930 2567 Veri;
963 2524 1009 2558 et
1030 2517 1202 2557 “caro‘’
1229 2516 1550 2568 correspondet
1578 2517 1715 2564 bono,

230 2584 276 2619 et
302 2579 404 2620 in'de
429 2580 473 2619 in
499 2579 654 2620 Verbo
679 2579 900 2632 significat
927 2580 1049 2626 illud,
1074 2587 1119 2620 et
1140 2580 1359 2631 “sanguis
1372 2578 1390 2592 '’
1407 2592 1514 2618 vero
1540 2585 1585 2619 et
1612 2580 1716 2620 inde

231 2641 452 2694 significat
482 2642 605 2682 illud.
666 2641 892 2695 Quoniam
923 2656 1000 2695 per
1034 2642 1273 2695 ‘'lepram”
1304 2641 1579 2694 significatur
1612 2655 1716 2694 pro-

231 2703 399 2744 fanatio
423 2706 528 2754 veri,
556 2718 607 2745 ac
634 2705 884 2758 profanatio
910 2707 1001 2746 veri
1032 2713 1101 2745 est
1128 2705 1262 2752 varia,
1290 2711 1359 2744 est
1392 2703 1502 2744 levis
1534 2711 1579 2745 et
1611 2718 1716 2757 gra-

232 2766 312 2814 vis,
345 2774 414 2806 est
445 2768 627 2808 interior
657 2775 703 2808 et
740 2769 951 2813 exterior.
980 2775 1025 2808 et
1066 2774 1135 2807 est
1176 2767 1421 2807 secundum
1460 2767 1590 2820 quale
1623 2769 1717 2807 veri

234 2828 467 2880 profanati,
494 2844 628 2883 quare
660 2831 795 2871 etiam
826 2829 1008 2871 effectus
1041 2829 1133 2882 ejus
1159 2830 1265 2869 varii
1297 2836 1414 2877 sunt,
1442 2831 1515 2883 qui
1546 2829 1715 2882 signifi-

234 2899 393 2932 cantur
418 2905 496 2945 per
521 2894 804 2945 apparentias
830 2893 873 2932 in
901 2893 1036 2945 lepra,
1064 2906 1176 2945 quae
1204 2892 1378 2933 suerunt
