<?xml version="1.0" encoding="UTF-8"?>
<!DOCTYPE html PUBLIC "-//W3C//DTD XHTML 1.0 Transitional//EN"
    "http://www.w3.org/TR/xhtml1/DTD/xhtml1-transitional.dtd">
<html xmlns="http://www.w3.org/1999/xhtml" xml:lang="en" lang="en">
 <head>
  <title>
</title>
<meta http-equiv="Content-Type" content="text/html;charset=utf-8" />
  <meta name='ocr-system' content='tesseract 3.04.00' />
  <meta name='ocr-capabilities' content='ocr_page ocr_carea ocr_par ocr_line ocrx_word'/>
</head>
<body>
  <div class='ocr_page' id='page_1' title='image "apocalypsisexpli05sweduoft_0490.png"; bbox 0 0 1962 3328; ppageno 0'>
   <div class='ocr_carea' id='block_1_1' title="bbox 242 265 1323 308">
    <p class='ocr_par' dir='ltr' id='par_1_1' title="bbox 242 265 1323 308">
     <span class='ocr_line' id='line_1_1' title="bbox 242 265 1323 308; baseline -0.002 -10"><span class='ocrx_word' id='word_1_1' title='bbox 242 266 296 308; x_wconf 90' lang='lat'>92</span> <span class='ocrx_word' id='word_1_2' title='bbox 658 265 992 298; x_wconf 86' lang='lat' dir='ltr'><strong>APOCALYPSIS</strong></span> <span class='ocrx_word' id='word_1_3' title='bbox 1023 265 1323 297; x_wconf 89' lang='lat' dir='ltr'><strong>EXPLICATA.</strong></span> 
     </span>
    </p>
   </div>
   <div class='ocr_carea' id='block_1_2' title="bbox 239 381 1638 427">
    <p class='ocr_par' dir='ltr' id='par_1_2' title="bbox 239 381 1638 427">
     <span class='ocr_line' id='line_1_2' title="bbox 239 381 1638 427; baseline -0.001 -11"><span class='ocrx_word' id='word_1_4' title='bbox 239 383 275 417; x_wconf 81' lang='lat'>3.</span> <span class='ocrx_word' id='word_1_5' title='bbox 312 383 408 420; x_wconf 75' lang='lat' dir='ltr'>auod</span> <span class='ocrx_word' id='word_1_6' title='bbox 424 394 505 417; x_wconf 76' lang='lat' dir='ltr'>rem</span> <span class='ocrx_word' id='word_1_7' title='bbox 522 383 604 417; x_wconf 67' lang='lat' dir='ltr'>adei</span> <span class='ocrx_word' id='word_1_8' title='bbox 616 383 658 417; x_wconf 82' lang='lat' dir='ltr'>ab</span> <span class='ocrx_word' id='word_1_9' title='bbox 677 393 744 417; x_wconf 81' lang='lat' dir='ltr'>una</span> <span class='ocrx_word' id='word_1_10' title='bbox 756 387 859 427; x_wconf 77' lang='lat' dir='ltr'>pat-te</span> <span class='ocrx_word' id='word_1_11' title='bbox 876 385 1033 427; x_wconf 78' lang='lat' dir='ltr'>spectent</span> <span class='ocrx_word' id='word_1_12' title='bbox 1049 382 1235 421; x_wconf 77' lang='lat' dir='ltr'>Dominum,</span> <span class='ocrx_word' id='word_1_13' title='bbox 1253 381 1296 416; x_wconf 81' lang='lat' dir='ltr'>ab</span> <span class='ocrx_word' id='word_1_14' title='bbox 1312 382 1423 416; x_wconf 76' lang='lat' dir='ltr'>altera</span> <span class='ocrx_word' id='word_1_15' title='bbox 1436 381 1638 426; x_wconf 79' lang='lat' dir='ltr'>proximum.</span> 
     </span>
    </p>
   </div>
   <div class='ocr_carea' id='block_1_3' title="bbox 187 469 1775 1922">
    <p class='ocr_par' dir='ltr' id='par_1_3' title="bbox 187 469 1775 1922">
     <span class='ocr_line' id='line_1_3' title="bbox 327 469 1734 526; baseline -0.002 -12"><span class='ocrx_word' id='word_1_16' title='bbox 327 470 494 514; x_wconf 90' lang='lat' dir='ltr'>Omnia</span> <span class='ocrx_word' id='word_1_17' title='bbox 519 486 625 513; x_wconf 87' lang='lat' dir='ltr'>vera</span> <span class='ocrx_word' id='word_1_18' title='bbox 652 470 861 526; x_wconf 64' lang='lat' dir='ltr'>spectant</span> <span class='ocrx_word' id='word_1_19' title='bbox 887 471 1000 512; x_wconf 89' lang='lat' dir='ltr'>haec</span> <span class='ocrx_word' id='word_1_20' title='bbox 1029 472 1114 512; x_wconf 88' lang='lat' dir='ltr'>tria</span> <span class='ocrx_word' id='word_1_21' title='bbox 1137 477 1186 511; x_wconf 93' lang='lat' dir='ltr'>ut</span> <span class='ocrx_word' id='word_1_22' title='bbox 1209 469 1386 524; x_wconf 67' lang='lat' dir='ltr'>objecta</span> <span class='ocrx_word' id='word_1_23' title='bbox 1408 485 1486 512; x_wconf 90' lang='lat' dir='ltr'>sua</span> <span class='ocrx_word' id='word_1_24' title='bbox 1508 471 1734 512; x_wconf 91' lang='lat' dir='ltr'>universa-</span> 
     </span>
     <span class='ocr_line' id='line_1_4' title="bbox 240 534 1775 589; baseline -0.001 -12"><span class='ocrx_word' id='word_1_25' title='bbox 240 535 509 589; x_wconf 89' lang='lat' dir='ltr'>lia‚—supra</span> <span class='ocrx_word' id='word_1_26' title='bbox 520 550 568 577; x_wconf 84' lang='lat' dir='ltr'>se</span> <span class='ocrx_word' id='word_1_27' title='bbox 582 536 827 576; x_wconf 89' lang='lat' dir='ltr'>Dominum</span> <span class='ocrx_word' id='word_1_28' title='bbox 840 541 885 575; x_wconf 92' lang='lat' dir='ltr'>et</span> <span class='ocrx_word' id='word_1_29' title='bbox 899 534 1089 583; x_wconf 89' lang='lat' dir='ltr'>caelum,</span> <span class='ocrx_word' id='word_1_30' title='bbox 1100 534 1232 587; x_wconf 89' lang='lat' dir='ltr'>juxta</span> <span class='ocrx_word' id='word_1_31' title='bbox 1244 548 1291 575; x_wconf 90' lang='lat' dir='ltr'>se</span> <span class='ocrx_word' id='word_1_32' title='bbox 1302 535 1517 575; x_wconf 88' lang='lat' dir='ltr'>mundum</span> <span class='ocrx_word' id='word_1_33' title='bbox 1529 540 1574 575; x_wconf 91' lang='lat' dir='ltr'>et</span> <span class='ocrx_word' id='word_1_34' title='bbox 1586 534 1736 588; x_wconf 85' lang='lat' dir='ltr'>proxi·</span> <span class='ocrx_word' id='word_1_35' title='bbox 1773 579 1775 581; x_wconf 62' lang='grc'><strong>,</strong></span> 
     </span>
     <span class='ocr_line' id='line_1_5' title="bbox 242 594 1737 648; baseline -0.001 -8"><span class='ocrx_word' id='word_1_36' title='bbox 242 612 379 648; x_wconf 91' lang='lat' dir='ltr'>mum,</span> <span class='ocrx_word' id='word_1_37' title='bbox 405 613 456 640; x_wconf 89' lang='lat' dir='ltr'>ac</span> <span class='ocrx_word' id='word_1_38' title='bbox 484 599 595 640; x_wconf 87' lang='lat' dir='ltr'>infra</span> <span class='ocrx_word' id='word_1_39' title='bbox 623 613 670 639; x_wconf 92' lang='lat' dir='ltr'>se</span> <span class='ocrx_word' id='word_1_40' title='bbox 697 598 928 639; x_wconf 90' lang='lat' dir='ltr'>diabolum</span> <span class='ocrx_word' id='word_1_41' title='bbox 956 604 1002 639; x_wconf 89' lang='lat' dir='ltr'>et</span> <span class='ocrx_word' id='word_1_42' title='bbox 1027 598 1273 648; x_wconf 90' lang='lat' dir='ltr'>infernum;</span> <span class='ocrx_word' id='word_1_43' title='bbox 1307 594 1358 638; x_wconf 88' lang='lat' dir='ltr'>et</span> <span class='ocrx_word' id='word_1_44' title='bbox 1375 611 1481 638; x_wconf 89' lang='lat' dir='ltr'>vera</span> <span class='ocrx_word' id='word_1_45' title='bbox 1506 598 1737 639; x_wconf 89' lang='lat' dir='ltr'>docebunt</span> 
     </span>
     <span class='ocr_line' id='line_1_6' title="bbox 187 660 1735 716; baseline -0.001 -12"><span class='ocrx_word' id='word_1_46' title='bbox 187 709 191 713; x_wconf 58' lang='grc'><em>,</em></span> <span class='ocrx_word' id='word_1_47' title='bbox 240 662 471 704; x_wconf 87' lang='lat' dir='ltr'>hominem</span> <span class='ocrx_word' id='word_1_48' title='bbox 494 662 722 716; x_wconf 90' lang='lat' dir='ltr'>quomodo</span> <span class='ocrx_word' id='word_1_49' title='bbox 745 662 939 715; x_wconf 89' lang='lat' dir='ltr'>separari</span> <span class='ocrx_word' id='word_1_50' title='bbox 966 667 1119 715; x_wconf 90' lang='lat' dir='ltr'>potest</span> <span class='ocrx_word' id='word_1_51' title='bbox 1146 675 1171 701; x_wconf 90' lang='lat' dir='ltr'>a</span> <span class='ocrx_word' id='word_1_52' title='bbox 1193 660 1375 701; x_wconf 88' lang='lat' dir='ltr'>diabolo</span> <span class='ocrx_word' id='word_1_53' title='bbox 1402 667 1447 701; x_wconf 90' lang='lat' dir='ltr'>et</span> <span class='ocrx_word' id='word_1_54' title='bbox 1473 661 1659 710; x_wconf 86' lang='lat' dir='ltr'>inferno,</span> <span class='ocrx_word' id='word_1_55' title='bbox 1683 674 1735 702; x_wconf 90' lang='lat' dir='ltr'>ac</span> 
     </span>
     <span class='ocr_line' id='line_1_7' title="bbox 241 724 1736 779; baseline -0.002 -12"><span class='ocrx_word' id='word_1_56' title='bbox 241 726 454 779; x_wconf 88' lang='lat' dir='ltr'>conjungi</span> <span class='ocrx_word' id='word_1_57' title='bbox 487 726 685 766; x_wconf 90' lang='lat' dir='ltr'>Domino</span> <span class='ocrx_word' id='word_1_58' title='bbox 711 731 758 766; x_wconf 88' lang='lat' dir='ltr'>et</span> <span class='ocrx_word' id='word_1_59' title='bbox 785 725 926 774; x_wconf 88' lang='lat' dir='ltr'>caelo,</span> <span class='ocrx_word' id='word_1_60' title='bbox 955 730 1001 765; x_wconf 92' lang='lat' dir='ltr'>et</span> <span class='ocrx_word' id='word_1_61' title='bbox 1033 724 1119 765; x_wconf 88' lang='lat' dir='ltr'>hoc</span> <span class='ocrx_word' id='word_1_62' title='bbox 1153 738 1231 778; x_wconf 88' lang='lat' dir='ltr'>per</span> <span class='ocrx_word' id='word_1_63' title='bbox 1256 725 1396 764; x_wconf 90' lang='lat' dir='ltr'>vitam</span> <span class='ocrx_word' id='word_1_64' title='bbox 1428 724 1471 764; x_wconf 92' lang='lat' dir='ltr'>in</span> <span class='ocrx_word' id='word_1_65' title='bbox 1498 724 1667 765; x_wconf 90' lang='lat' dir='ltr'>mundo</span> <span class='ocrx_word' id='word_1_66' title='bbox 1692 725 1736 765; x_wconf 87' lang='lat' dir='ltr'>in</span> 
     </span>
     <span class='ocr_line' id='line_1_8' title="bbox 194 787 1735 844; baseline -0.002 -13"><span class='ocrx_word' id='word_1_67' title='bbox 194 838 196 840; x_wconf 21' lang='lat'><strong><em>¹</em></strong></span> <span class='ocrx_word' id='word_1_68' title='bbox 241 804 330 844; x_wconf 92' lang='lat' dir='ltr'>quo</span> <span class='ocrx_word' id='word_1_69' title='bbox 352 796 436 839; x_wconf 87' lang='lat' dir='ltr'>est,</span> <span class='ocrx_word' id='word_1_70' title='bbox 461 796 507 830; x_wconf 92' lang='lat' dir='ltr'>et</span> <span class='ocrx_word' id='word_1_71' title='bbox 534 803 612 843; x_wconf 87' lang='lat' dir='ltr'>per</span> <span class='ocrx_word' id='word_1_72' title='bbox 634 789 774 829; x_wconf 90' lang='lat' dir='ltr'>vitam</span> <span class='ocrx_word' id='word_1_73' title='bbox 797 802 898 829; x_wconf 90' lang='lat' dir='ltr'>cum</span> <span class='ocrx_word' id='word_1_74' title='bbox 921 789 1129 842; x_wconf 87' lang='lat' dir='ltr'>proximo</span> <span class='ocrx_word' id='word_1_75' title='bbox 1152 801 1252 828; x_wconf 90' lang='lat' dir='ltr'>cum</span> <span class='ocrx_word' id='word_1_76' title='bbox 1276 802 1363 842; x_wconf 90' lang='lat' dir='ltr'>quo</span> <span class='ocrx_word' id='word_1_77' title='bbox 1386 794 1482 838; x_wconf 93' lang='lat' dir='ltr'>est;</span> <span class='ocrx_word' id='word_1_78' title='bbox 1515 801 1594 842; x_wconf 92' lang='lat' dir='ltr'>per</span> <span class='ocrx_word' id='word_1_79' title='bbox 1618 787 1735 829; x_wconf 91' lang='lat' dir='ltr'>hanc</span> 
     </span>
     <span class='ocr_line' id='line_1_9' title="bbox 241 850 1736 906; baseline -0.002 -12"><span class='ocrx_word' id='word_1_80' title='bbox 241 860 288 894; x_wconf 88' lang='lat' dir='ltr'>et</span> <span class='ocrx_word' id='word_1_81' title='bbox 314 853 438 894; x_wconf 91' lang='lat' dir='ltr'>illam</span> <span class='ocrx_word' id='word_1_82' title='bbox 461 853 607 892; x_wconf 89' lang='lat' dir='ltr'>omnis</span> <span class='ocrx_word' id='word_1_83' title='bbox 630 853 856 906; x_wconf 85' lang='lat' dir='ltr'>separatio</span> <span class='ocrx_word' id='word_1_84' title='bbox 879 858 925 892; x_wconf 91' lang='lat' dir='ltr'>et</span> <span class='ocrx_word' id='word_1_85' title='bbox 948 850 1203 904; x_wconf 68' lang='lat' dir='ltr'>conjuntffio</span> <span class='ocrx_word' id='word_1_86' title='bbox 1225 851 1287 892; x_wconf 81' lang='lat' dir='ltr'>fit.</span> <span class='ocrx_word' id='word_1_87' title='bbox 1351 851 1504 892; x_wconf 92' lang='lat' dir='ltr'>Homo</span> <span class='ocrx_word' id='word_1_88' title='bbox 1532 857 1579 892; x_wconf 91' lang='lat' dir='ltr'>ut</span> <span class='ocrx_word' id='word_1_89' title='bbox 1606 851 1736 905; x_wconf 85' lang='lat' dir='ltr'>sepa-</span> 
     </span>
     <span class='ocr_line' id='line_1_10' title="bbox 242 914 1735 968; baseline -0.001 -11"><span class='ocrx_word' id='word_1_90' title='bbox 242 923 364 957; x_wconf 90' lang='lat' dir='ltr'>retur</span> <span class='ocrx_word' id='word_1_91' title='bbox 386 930 411 956; x_wconf 90' lang='lat' dir='ltr'>a</span> <span class='ocrx_word' id='word_1_92' title='bbox 434 915 615 956; x_wconf 85' lang='lat' dir='ltr'>diabolo</span> <span class='ocrx_word' id='word_1_93' title='bbox 638 921 684 956; x_wconf 91' lang='lat' dir='ltr'>et</span> <span class='ocrx_word' id='word_1_94' title='bbox 707 915 893 964; x_wconf 89' lang='lat' dir='ltr'>inferno,</span> <span class='ocrx_word' id='word_1_95' title='bbox 914 921 959 956; x_wconf 89' lang='lat' dir='ltr'>et</span> <span class='ocrx_word' id='word_1_96' title='bbox 983 915 1282 968; x_wconf 84' lang='lat' dir='ltr'>conjungatur</span> <span class='ocrx_word' id='word_1_97' title='bbox 1303 914 1500 955; x_wconf 92' lang='lat' dir='ltr'>Domino</span> <span class='ocrx_word' id='word_1_98' title='bbox 1523 921 1569 956; x_wconf 87' lang='lat' dir='ltr'>et</span> <span class='ocrx_word' id='word_1_99' title='bbox 1592 915 1735 965; x_wconf 89' lang='lat' dir='ltr'>caelo,</span> 
     </span>
     <span class='ocr_line' id='line_1_11' title="bbox 243 977 1737 1032; baseline -0.001 -12"><span class='ocrx_word' id='word_1_100' title='bbox 243 980 356 1021; x_wconf 88' lang='lat' dir='ltr'>sciet</span> <span class='ocrx_word' id='word_1_101' title='bbox 383 979 503 1020; x_wconf 90' lang='lat' dir='ltr'>mala</span> <span class='ocrx_word' id='word_1_102' title='bbox 529 985 575 1020; x_wconf 91' lang='lat' dir='ltr'>et</span> <span class='ocrx_word' id='word_1_103' title='bbox 602 993 661 1019; x_wconf 87' lang='lat' dir='ltr'>ex</span> <span class='ocrx_word' id='word_1_104' title='bbox 687 978 774 1019; x_wconf 90' lang='lat' dir='ltr'>illis</span> <span class='ocrx_word' id='word_1_105' title='bbox 805 978 931 1027; x_wconf 87' lang='lat' dir='ltr'>falsa,</span> <span class='ocrx_word' id='word_1_106' title='bbox 960 979 1062 1032; x_wconf 90' lang='lat' dir='ltr'>quia</span> <span class='ocrx_word' id='word_1_107' title='bbox 1094 978 1204 1019; x_wconf 89' lang='lat' dir='ltr'>haec</span> <span class='ocrx_word' id='word_1_108' title='bbox 1233 984 1337 1019; x_wconf 91' lang='lat' dir='ltr'>sunt</span> <span class='ocrx_word' id='word_1_109' title='bbox 1364 977 1568 1019; x_wconf 91' lang='lat' dir='ltr'>diabolus</span> <span class='ocrx_word' id='word_1_110' title='bbox 1595 985 1641 1019; x_wconf 90' lang='lat' dir='ltr'>et</span> <span class='ocrx_word' id='word_1_111' title='bbox 1669 979 1737 1019; x_wconf 92' lang='lat' dir='ltr'>in-</span> 
     </span>
     <span class='ocr_line' id='line_1_12' title="bbox 241 1041 1737 1095; baseline -0.001 -11"><span class='ocrx_word' id='word_1_112' title='bbox 241 1044 427 1091; x_wconf 87' lang='lat' dir='ltr'>fernum,</span> <span class='ocrx_word' id='word_1_113' title='bbox 468 1056 520 1083; x_wconf 90' lang='lat' dir='ltr'>ac</span> <span class='ocrx_word' id='word_1_114' title='bbox 559 1043 673 1083; x_wconf 89' lang='lat' dir='ltr'>sciet</span> <span class='ocrx_word' id='word_1_115' title='bbox 713 1042 833 1082; x_wconf 93' lang='lat' dir='ltr'>bona</span> <span class='ocrx_word' id='word_1_116' title='bbox 874 1048 919 1082; x_wconf 86' lang='lat' dir='ltr'>et</span> <span class='ocrx_word' id='word_1_117' title='bbox 962 1056 1020 1082; x_wconf 87' lang='lat' dir='ltr'>ex</span> <span class='ocrx_word' id='word_1_118' title='bbox 1061 1041 1147 1082; x_wconf 89' lang='lat' dir='ltr'>illis</span> <span class='ocrx_word' id='word_1_119' title='bbox 1185 1055 1304 1091; x_wconf 88' lang='lat' dir='ltr'>vera,</span> <span class='ocrx_word' id='word_1_120' title='bbox 1344 1043 1446 1095; x_wconf 90' lang='lat' dir='ltr'>quia</span> <span class='ocrx_word' id='word_1_121' title='bbox 1485 1041 1597 1082; x_wconf 87' lang='lat' dir='ltr'>haec</span> <span class='ocrx_word' id='word_1_122' title='bbox 1633 1048 1737 1083; x_wconf 89' lang='lat' dir='ltr'>sunt</span> 
     </span>
     <span class='ocr_line' id='line_1_13' title="bbox 244 1104 1738 1158; baseline -0.001 -10"><span class='ocrx_word' id='word_1_123' title='bbox 244 1107 465 1148; x_wconf 84' lang='lat' dir='ltr'>Dominus</span> <span class='ocrx_word' id='word_1_124' title='bbox 492 1112 538 1147; x_wconf 90' lang='lat' dir='ltr'>et</span> <span class='ocrx_word' id='word_1_125' title='bbox 565 1105 754 1146; x_wconf 90' lang='lat' dir='ltr'>caelum.</span> <span class='ocrx_word' id='word_1_126' title='bbox 817 1104 951 1158; x_wconf 81' lang='lat' dir='ltr'>Quod</span> <span class='ocrx_word' id='word_1_127' title='bbox 984 1105 1103 1145; x_wconf 90' lang='lat' dir='ltr'>mala</span> <span class='ocrx_word' id='word_1_128' title='bbox 1129 1111 1174 1145; x_wconf 93' lang='lat' dir='ltr'>et</span> <span class='ocrx_word' id='word_1_129' title='bbox 1206 1105 1317 1145; x_wconf 90' lang='lat' dir='ltr'>falsa</span> <span class='ocrx_word' id='word_1_130' title='bbox 1345 1107 1434 1146; x_wconf 91' lang='lat' dir='ltr'>sint</span> <span class='ocrx_word' id='word_1_131' title='bbox 1460 1106 1664 1146; x_wconf 87' lang='lat' dir='ltr'>diabolus</span> <span class='ocrx_word' id='word_1_132' title='bbox 1691 1113 1738 1148; x_wconf 90' lang='lat' dir='ltr'>et</span> 
     </span>
     <span class='ocr_line' id='line_1_14' title="bbox 242 1168 1739 1223; baseline -0.001 -12"><span class='ocrx_word' id='word_1_133' title='bbox 242 1170 475 1218; x_wconf 90' lang='lat' dir='ltr'>infernum,</span> <span class='ocrx_word' id='word_1_134' title='bbox 511 1176 580 1210; x_wconf 91' lang='lat' dir='ltr'>est</span> <span class='ocrx_word' id='word_1_135' title='bbox 612 1170 714 1223; x_wconf 88' lang='lat' dir='ltr'>quia</span> <span class='ocrx_word' id='word_1_136' title='bbox 748 1168 824 1209; x_wconf 89' lang='lat' dir='ltr'>illa</span> <span class='ocrx_word' id='word_1_137' title='bbox 861 1169 964 1209; x_wconf 91' lang='lat' dir='ltr'>inde</span> <span class='ocrx_word' id='word_1_138' title='bbox 996 1175 1127 1219; x_wconf 89' lang='lat' dir='ltr'>sunt;</span> <span class='ocrx_word' id='word_1_139' title='bbox 1166 1175 1211 1210; x_wconf 89' lang='lat' dir='ltr'>et</span> <span class='ocrx_word' id='word_1_140' title='bbox 1244 1169 1363 1222; x_wconf 93' lang='lat' dir='ltr'>quod</span> <span class='ocrx_word' id='word_1_141' title='bbox 1400 1170 1519 1210; x_wconf 91' lang='lat' dir='ltr'>bona</span> <span class='ocrx_word' id='word_1_142' title='bbox 1555 1175 1601 1211; x_wconf 92' lang='lat' dir='ltr'>et</span> <span class='ocrx_word' id='word_1_143' title='bbox 1632 1183 1739 1210; x_wconf 87' lang='lat' dir='ltr'>vera</span> 
     </span>
     <span class='ocr_line' id='line_1_15' title="bbox 243 1232 1738 1286; baseline 0 -12"><span class='ocrx_word' id='word_1_144' title='bbox 243 1240 348 1274; x_wconf 93' lang='lat' dir='ltr'>sunt</span> <span class='ocrx_word' id='word_1_145' title='bbox 381 1233 603 1274; x_wconf 86' lang='lat' dir='ltr'>Dominus</span> <span class='ocrx_word' id='word_1_146' title='bbox 635 1239 682 1274; x_wconf 88' lang='lat' dir='ltr'>et</span> <span class='ocrx_word' id='word_1_147' title='bbox 714 1232 904 1282; x_wconf 88' lang='lat' dir='ltr'>caelum,</span> <span class='ocrx_word' id='word_1_148' title='bbox 933 1239 1002 1273; x_wconf 93' lang='lat' dir='ltr'>est</span> <span class='ocrx_word' id='word_1_149' title='bbox 1031 1234 1133 1286; x_wconf 90' lang='lat' dir='ltr'>quia</span> <span class='ocrx_word' id='word_1_150' title='bbox 1163 1232 1240 1273; x_wconf 90' lang='lat' dir='ltr'>illa</span> <span class='ocrx_word' id='word_1_151' title='bbox 1270 1233 1374 1273; x_wconf 90' lang='lat' dir='ltr'>inde</span> <span class='ocrx_word' id='word_1_152' title='bbox 1406 1239 1522 1274; x_wconf 89' lang='lat' dir='ltr'>sunt.</span> <span class='ocrx_word' id='word_1_153' title='bbox 1585 1233 1738 1274; x_wconf 90' lang='lat' dir='ltr'>Homo</span> 
     </span>
     <span class='ocr_line' id='line_1_16' title="bbox 244 1296 1739 1349; baseline -0.001 -11"><span class='ocrx_word' id='word_1_154' title='bbox 244 1298 327 1338; x_wconf 93' lang='lat' dir='ltr'>nisi</span> <span class='ocrx_word' id='word_1_155' title='bbox 358 1297 470 1338; x_wconf 88' lang='lat' dir='ltr'>haec</span> <span class='ocrx_word' id='word_1_156' title='bbox 504 1303 550 1338; x_wconf 90' lang='lat' dir='ltr'>et</span> <span class='ocrx_word' id='word_1_157' title='bbox 582 1296 659 1337; x_wconf 91' lang='lat' dir='ltr'>illa</span> <span class='ocrx_word' id='word_1_158' title='bbox 691 1297 819 1344; x_wconf 91' lang='lat' dir='ltr'>sciat,</span> <span class='ocrx_word' id='word_1_159' title='bbox 848 1309 937 1336; x_wconf 92' lang='lat' dir='ltr'>non</span> <span class='ocrx_word' id='word_1_160' title='bbox 969 1296 1093 1336; x_wconf 90' lang='lat' dir='ltr'>videt</span> <span class='ocrx_word' id='word_1_161' title='bbox 1125 1296 1320 1349; x_wconf 82' lang='lat' dir='ltr'>aliquam</span> <span class='ocrx_word' id='word_1_162' title='bbox 1350 1298 1467 1337; x_wconf 89' lang='lat' dir='ltr'>viam</span> <span class='ocrx_word' id='word_1_163' title='bbox 1500 1298 1650 1337; x_wconf 86' lang='lat' dir='ltr'>exitus</span> <span class='ocrx_word' id='word_1_164' title='bbox 1681 1297 1739 1337; x_wconf 90' lang='lat' dir='ltr'>ab</span> 
     </span>
     <span class='ocr_line' id='line_1_17' title="bbox 243 1359 1736 1410; baseline 0 -9"><span class='ocrx_word' id='word_1_165' title='bbox 243 1361 429 1410; x_wconf 88' lang='lat' dir='ltr'>inferno,</span> <span class='ocrx_word' id='word_1_166' title='bbox 458 1374 509 1401; x_wconf 89' lang='lat' dir='ltr'>ac</span> <span class='ocrx_word' id='word_1_167' title='bbox 542 1361 661 1401; x_wconf 88' lang='lat' dir='ltr'>viam</span> <span class='ocrx_word' id='word_1_168' title='bbox 693 1360 903 1400; x_wconf 87' lang='lat' dir='ltr'>introitus</span> <span class='ocrx_word' id='word_1_169' title='bbox 935 1360 979 1399; x_wconf 93' lang='lat' dir='ltr'>in</span> <span class='ocrx_word' id='word_1_170' title='bbox 1011 1359 1213 1410; x_wconf 89' lang='lat' dir='ltr'>caelum;</span> <span class='ocrx_word' id='word_1_171' title='bbox 1248 1374 1353 1400; x_wconf 86' lang='lat' dir='ltr'>vera</span> <span class='ocrx_word' id='word_1_172' title='bbox 1385 1360 1613 1401; x_wconf 89' lang='lat' dir='ltr'>docebunt</span> <span class='ocrx_word' id='word_1_173' title='bbox 1645 1360 1736 1410; x_wconf 85' lang='lat' dir='ltr'>illa,</span> 
     </span>
     <span class='ocr_line' id='line_1_18' title="bbox 244 1423 1738 1478; baseline 0 -13"><span class='ocrx_word' id='word_1_174' title='bbox 244 1430 290 1465; x_wconf 87' lang='lat' dir='ltr'>et</span> <span class='ocrx_word' id='word_1_175' title='bbox 327 1438 432 1465; x_wconf 90' lang='lat' dir='ltr'>vera</span> <span class='ocrx_word' id='word_1_176' title='bbox 469 1438 582 1478; x_wconf 89' lang='lat' dir='ltr'>quae</span> <span class='ocrx_word' id='word_1_177' title='bbox 621 1424 790 1464; x_wconf 83' lang='lat' dir='ltr'>docent</span> <span class='ocrx_word' id='word_1_178' title='bbox 828 1424 936 1463; x_wconf 91' lang='lat' dir='ltr'>data</span> <span class='ocrx_word' id='word_1_179' title='bbox 973 1429 1077 1463; x_wconf 90' lang='lat' dir='ltr'>sunt</span> <span class='ocrx_word' id='word_1_180' title='bbox 1115 1423 1285 1475; x_wconf 87' lang='lat' dir='ltr'>homini</span> <span class='ocrx_word' id='word_1_181' title='bbox 1321 1424 1365 1464; x_wconf 92' lang='lat' dir='ltr'>in</span> <span class='ocrx_word' id='word_1_182' title='bbox 1403 1423 1558 1465; x_wconf 88' lang='lat' dir='ltr'>Verbo</span> <span class='ocrx_word' id='word_1_183' title='bbox 1595 1430 1641 1465; x_wconf 88' lang='lat' dir='ltr'>et</span> <span class='ocrx_word' id='word_1_184' title='bbox 1679 1438 1738 1465; x_wconf 87' lang='lat' dir='ltr'>ex</span> 
     </span>
     <span class='ocr_line' id='line_1_19' title="bbox 244 1486 1739 1541; baseline 0 -13"><span class='ocrx_word' id='word_1_185' title='bbox 244 1487 425 1538; x_wconf 89' lang='lat' dir='ltr'>Verbo;</span> <span class='ocrx_word' id='word_1_186' title='bbox 458 1494 504 1528; x_wconf 92' lang='lat' dir='ltr'>et</span> <span class='ocrx_word' id='word_1_187' title='bbox 531 1488 633 1541; x_wconf 90' lang='lat' dir='ltr'>quia</span> <span class='ocrx_word' id='word_1_188' title='bbox 658 1488 730 1528; x_wconf 89' lang='lat' dir='ltr'>via</span> <span class='ocrx_word' id='word_1_189' title='bbox 755 1487 840 1527; x_wconf 90' lang='lat' dir='ltr'>huc</span> <span class='ocrx_word' id='word_1_190' title='bbox 869 1493 915 1527; x_wconf 93' lang='lat' dir='ltr'>et</span> <span class='ocrx_word' id='word_1_191' title='bbox 941 1486 1045 1527; x_wconf 90' lang='lat' dir='ltr'>illuc</span> <span class='ocrx_word' id='word_1_192' title='bbox 1073 1493 1142 1527; x_wconf 90' lang='lat' dir='ltr'>est</span> <span class='ocrx_word' id='word_1_193' title='bbox 1169 1501 1193 1527; x_wconf 93' lang='lat' dir='ltr'>e</span> <span class='ocrx_word' id='word_1_194' title='bbox 1220 1487 1402 1536; x_wconf 90' lang='lat' dir='ltr'>mundo,</span> <span class='ocrx_word' id='word_1_195' title='bbox 1428 1493 1474 1528; x_wconf 90' lang='lat' dir='ltr'>et</span> <span class='ocrx_word' id='word_1_196' title='bbox 1500 1488 1542 1527; x_wconf 88' lang='lat' dir='ltr'>in</span> <span class='ocrx_word' id='word_1_197' title='bbox 1571 1489 1739 1528; x_wconf 87' lang='lat' dir='ltr'>mundo</span> 
     </span>
     <span class='ocr_line' id='line_1_20' title="bbox 244 1551 1738 1604; baseline -0.001 -12"><span class='ocrx_word' id='word_1_198' title='bbox 244 1558 314 1593; x_wconf 90' lang='lat' dir='ltr'>est</span> <span class='ocrx_word' id='word_1_199' title='bbox 340 1552 434 1592; x_wconf 91' lang='lat' dir='ltr'>vita</span> <span class='ocrx_word' id='word_1_200' title='bbox 460 1551 654 1592; x_wconf 90' lang='lat' dir='ltr'>hominis</span> <span class='ocrx_word' id='word_1_201' title='bbox 684 1557 730 1592; x_wconf 90' lang='lat' dir='ltr'>et</span> <span class='ocrx_word' id='word_1_202' title='bbox 757 1564 858 1592; x_wconf 90' lang='lat' dir='ltr'>cum</span> <span class='ocrx_word' id='word_1_203' title='bbox 885 1551 1093 1604; x_wconf 86' lang='lat' dir='ltr'>proximo</span> <span class='ocrx_word' id='word_1_204' title='bbox 1119 1551 1191 1599; x_wconf 89' lang='lat' dir='ltr'>ibi,</span> <span class='ocrx_word' id='word_1_205' title='bbox 1219 1551 1321 1591; x_wconf 91' lang='lat' dir='ltr'>ideo</span> <span class='ocrx_word' id='word_1_206' title='bbox 1347 1552 1439 1592; x_wconf 91' lang='lat' dir='ltr'>vita</span> <span class='ocrx_word' id='word_1_207' title='bbox 1470 1551 1546 1591; x_wconf 94' lang='lat' dir='ltr'>illa</span> <span class='ocrx_word' id='word_1_208' title='bbox 1573 1558 1641 1592; x_wconf 91' lang='lat' dir='ltr'>est</span> <span class='ocrx_word' id='word_1_209' title='bbox 1667 1552 1738 1592; x_wconf 89' lang='lat' dir='ltr'>via</span> 
     </span>
     <span class='ocr_line' id='line_1_21' title="bbox 244 1613 1738 1672; baseline -0.001 -16"><span class='ocrx_word' id='word_1_210' title='bbox 244 1629 378 1669; x_wconf 91' lang='lat' dir='ltr'>quam</span> <span class='ocrx_word' id='word_1_211' title='bbox 404 1629 510 1656; x_wconf 88' lang='lat' dir='ltr'>vera</span> <span class='ocrx_word' id='word_1_212' title='bbox 536 1615 718 1655; x_wconf 88' lang='lat' dir='ltr'>docent.</span> <span class='ocrx_word' id='word_1_213' title='bbox 780 1613 826 1672; x_wconf 64' lang='lat' dir='ltr'>§i</span> <span class='ocrx_word' id='word_1_214' title='bbox 857 1615 1009 1668; x_wconf 88' lang='lat' dir='ltr'>itaque</span> <span class='ocrx_word' id='word_1_215' title='bbox 1040 1615 1134 1654; x_wconf 90' lang='lat' dir='ltr'>vita</span> <span class='ocrx_word' id='word_1_216' title='bbox 1165 1614 1358 1655; x_wconf 90' lang='lat' dir='ltr'>hominis</span> <span class='ocrx_word' id='word_1_217' title='bbox 1390 1621 1460 1655; x_wconf 90' lang='lat' dir='ltr'>est</span> <span class='ocrx_word' id='word_1_218' title='bbox 1491 1614 1738 1655; x_wconf 88' lang='lat' dir='ltr'>secundum</span> 
     </span>
     <span class='ocr_line' id='line_1_22' title="bbox 244 1678 1738 1733; baseline 0 -14"><span class='ocrx_word' id='word_1_219' title='bbox 244 1693 350 1720; x_wconf 89' lang='lat' dir='ltr'>vera</span> <span class='ocrx_word' id='word_1_220' title='bbox 387 1678 542 1728; x_wconf 86' lang='lat' dir='ltr'>Verbi,</span> <span class='ocrx_word' id='word_1_221' title='bbox 577 1678 801 1722; x_wconf 83' lang='lat' dir='ltr'>clauditur</span> <span class='ocrx_word' id='word_1_222' title='bbox 831 1679 902 1733; x_wconf 87' lang='lat' dir='ltr'>via</span> <span class='ocrx_word' id='word_1_223' title='bbox 939 1678 997 1718; x_wconf 90' lang='lat' dir='ltr'>ad</span> <span class='ocrx_word' id='word_1_224' title='bbox 1021 1678 1255 1718; x_wconf 85' lang='lat' dir='ltr'>&#39;infernum</span> <span class='ocrx_word' id='word_1_225' title='bbox 1294 1684 1340 1718; x_wconf 91' lang='lat' dir='ltr'>et</span> <span class='ocrx_word' id='word_1_226' title='bbox 1378 1679 1435 1718; x_wconf 94' lang='lat' dir='ltr'>ab</span> <span class='ocrx_word' id='word_1_227' title='bbox 1471 1678 1657 1726; x_wconf 84' lang='lat' dir='ltr'>inferno,</span> <span class='ocrx_word' id='word_1_228' title='bbox 1691 1685 1738 1719; x_wconf 89' lang='lat' dir='ltr'>et</span> 
     </span>
     <span class='ocr_line' id='line_1_23' title="bbox 245 1740 1739 1796; baseline -0.001 -13"><span class='ocrx_word' id='word_1_229' title='bbox 245 1743 442 1796; x_wconf 91' lang='lat' dir='ltr'>aperitur</span> <span class='ocrx_word' id='word_1_230' title='bbox 473 1742 544 1783; x_wconf 87' lang='lat' dir='ltr'>via</span> <span class='ocrx_word' id='word_1_231' title='bbox 576 1742 633 1782; x_wconf 93' lang='lat' dir='ltr'>ad</span> <span class='ocrx_word' id='word_1_232' title='bbox 666 1741 911 1782; x_wconf 89' lang='lat' dir='ltr'>Dominum</span> <span class='ocrx_word' id='word_1_233' title='bbox 943 1747 989 1782; x_wconf 88' lang='lat' dir='ltr'>et</span> <span class='ocrx_word' id='word_1_234' title='bbox 1021 1755 1047 1781; x_wconf 94' lang='lat' dir='ltr'>a</span> <span class='ocrx_word' id='word_1_235' title='bbox 1084 1740 1295 1790; x_wconf 91' lang='lat' dir='ltr'>Domino,</span> <span class='ocrx_word' id='word_1_236' title='bbox 1330 1754 1380 1781; x_wconf 89' lang='lat' dir='ltr'>ac</span> <span class='ocrx_word' id='word_1_237' title='bbox 1414 1742 1508 1782; x_wconf 88' lang='lat' dir='ltr'>vita</span> <span class='ocrx_word' id='word_1_238' title='bbox 1544 1740 1739 1782; x_wconf 88' lang='lat' dir='ltr'>hominis</span> 
     </span>
     <span class='ocr_line' id='line_1_24' title="bbox 245 1803 1739 1858; baseline 0 -12"><span class='ocrx_word' id='word_1_239' title='bbox 245 1805 294 1847; x_wconf 86' lang='lat' dir='ltr'>fit</span> <span class='ocrx_word' id='word_1_240' title='bbox 320 1806 414 1846; x_wconf 89' lang='lat' dir='ltr'>vita</span> <span class='ocrx_word' id='word_1_241' title='bbox 442 1805 624 1846; x_wconf 90' lang='lat' dir='ltr'>Domini</span> <span class='ocrx_word' id='word_1_242' title='bbox 651 1805 768 1858; x_wconf 90' lang='lat' dir='ltr'>apud</span> <span class='ocrx_word' id='word_1_243' title='bbox 795 1804 933 1845; x_wconf 91' lang='lat' dir='ltr'>illum.</span> <span class='ocrx_word' id='word_1_244' title='bbox 996 1803 1098 1845; x_wconf 91' lang='lat' dir='ltr'>Hoc</span> <span class='ocrx_word' id='word_1_245' title='bbox 1126 1811 1196 1845; x_wconf 91' lang='lat' dir='ltr'>est</span> <span class='ocrx_word' id='word_1_246' title='bbox 1222 1805 1341 1858; x_wconf 90' lang='lat' dir='ltr'>quod</span> <span class='ocrx_word' id='word_1_247' title='bbox 1367 1803 1636 1858; x_wconf 89' lang='lat' dir='ltr'>intelligitur</span> <span class='ocrx_word' id='word_1_248' title='bbox 1660 1818 1739 1858; x_wconf 88' lang='lat' dir='ltr'>per</span> 
     </span>
     <span class='ocr_line' id='line_1_25' title="bbox 247 1867 1028 1922; baseline -0.004 -12"><span class='ocrx_word' id='word_1_249' title='bbox 247 1869 430 1910; x_wconf 89' lang='lat' dir='ltr'>Domini</span> <span class='ocrx_word' id='word_1_250' title='bbox 456 1868 593 1910; x_wconf 89' lang='lat' dir='ltr'>verba</span> <span class='ocrx_word' id='word_1_251' title='bbox 618 1868 736 1922; x_wconf 91' lang='lat' dir='ltr'>apud</span> <span class='ocrx_word' id='word_1_252' title='bbox 763 1867 1028 1916; x_wconf 80' lang='lat' dir='ltr'>Jolzannem,</span> 
     </span>
    </p>
   </div>
   <div class='ocr_carea' id='block_1_4' title="bbox 607 1965 1388 2007">
    <p class='ocr_par' dir='ltr' id='par_1_4' title="bbox 607 1965 1388 2007">
     <span class='ocr_line' id='line_1_26' title="bbox 607 1965 1388 2007; baseline 0 -8"><span class='ocrx_word' id='word_1_253' title='bbox 607 1968 630 1982; x_wconf 79' lang='lat'>‘⁴</span> <span class='ocrx_word' id='word_1_254' title='bbox 643 1967 720 2007; x_wconf 82' lang='lat' dir='ltr'>Ego</span> <span class='ocrx_word' id='word_1_255' title='bbox 738 1976 817 1998; x_wconf 88' lang='lat' dir='ltr'>sum</span> <span class='ocrx_word' id='word_1_256' title='bbox 835 1967 904 2004; x_wconf 88' lang='lat' dir='ltr'>via,</span> <span class='ocrx_word' id='word_1_257' title='bbox 925 1966 1056 1998; x_wconf 86' lang='lat' dir='ltr'>veritas</span> <span class='ocrx_word' id='word_1_258' title='bbox 1073 1972 1108 1998; x_wconf 89' lang='lat' dir='ltr'>et</span> <span class='ocrx_word' id='word_1_259' title='bbox 1124 1965 1225 1998; x_wconf 86' lang='lat' dir='ltr'>vita’&#39;</span> <span class='ocrx_word' id='word_1_260' title='bbox 1243 1966 1327 2006; x_wconf 88' lang='lat' dir='ltr'>(xiv.</span> <span class='ocrx_word' id='word_1_261' title='bbox 1344 1966 1388 2007; x_wconf 91' lang='lat'>6).</span> 
     </span>
    </p>
   </div>
   <div class='ocr_carea' id='block_1_5' title="bbox 246 2069 1739 2441">
    <p class='ocr_par' dir='ltr' id='par_1_5' title="bbox 246 2069 1739 2441">
     <span class='ocr_line' id='line_1_27' title="bbox 246 2069 1736 2121; baseline 0.001 -9"><span class='ocrx_word' id='word_1_262' title='bbox 246 2071 459 2112; x_wconf 86' lang='lat' dir='ltr'>Vicissim</span> <span class='ocrx_word' id='word_1_263' title='bbox 497 2076 664 2119; x_wconf 89' lang='lat' dir='ltr'>autem,</span> <span class='ocrx_word' id='word_1_264' title='bbox 702 2070 739 2111; x_wconf 88' lang='lat' dir='ltr'>si</span> <span class='ocrx_word' id='word_1_265' title='bbox 774 2070 869 2110; x_wconf 89' lang='lat' dir='ltr'>vita</span> <span class='ocrx_word' id='word_1_266' title='bbox 905 2069 1099 2110; x_wconf 91' lang='lat' dir='ltr'>hominis</span> <span class='ocrx_word' id='word_1_267' title='bbox 1136 2076 1206 2110; x_wconf 90' lang='lat' dir='ltr'>est</span> <span class='ocrx_word' id='word_1_268' title='bbox 1244 2076 1404 2111; x_wconf 90' lang='lat' dir='ltr'>contra</span> <span class='ocrx_word' id='word_1_269' title='bbox 1440 2085 1546 2112; x_wconf 88' lang='lat' dir='ltr'>vera</span> <span class='ocrx_word' id='word_1_270' title='bbox 1582 2071 1736 2121; x_wconf 88' lang='lat' dir='ltr'>Verbi,</span> 
     </span>
     <span class='ocr_line' id='line_1_28' title="bbox 247 2132 1739 2187; baseline 0.001 -12"><span class='ocrx_word' id='word_1_271' title='bbox 247 2141 354 2176; x_wconf 93' lang='lat' dir='ltr'>tunc</span> <span class='ocrx_word' id='word_1_272' title='bbox 382 2134 605 2175; x_wconf 79' lang='lat' dir='ltr'>clauditur</span> <span class='ocrx_word' id='word_1_273' title='bbox 626 2134 698 2174; x_wconf 89' lang='lat' dir='ltr'>via</span> <span class='ocrx_word' id='word_1_274' title='bbox 723 2147 749 2174; x_wconf 92' lang='lat' dir='ltr'>a</span> <span class='ocrx_word' id='word_1_275' title='bbox 775 2132 903 2174; x_wconf 89' lang='lat' dir='ltr'>caelo</span> <span class='ocrx_word' id='word_1_276' title='bbox 929 2139 975 2174; x_wconf 90' lang='lat' dir='ltr'>et</span> <span class='ocrx_word' id='word_1_277' title='bbox 1002 2133 1059 2173; x_wconf 90' lang='lat' dir='ltr'>ad</span> <span class='ocrx_word' id='word_1_278' title='bbox 1086 2133 1275 2182; x_wconf 89' lang='lat' dir='ltr'>caelum,</span> <span class='ocrx_word' id='word_1_279' title='bbox 1300 2140 1346 2174; x_wconf 89' lang='lat' dir='ltr'>et</span> <span class='ocrx_word' id='word_1_280' title='bbox 1368 2135 1565 2187; x_wconf 85' lang='lat' dir='ltr'>aperitur</span> <span class='ocrx_word' id='word_1_281' title='bbox 1585 2135 1656 2175; x_wconf 92' lang='lat' dir='ltr'>via</span> <span class='ocrx_word' id='word_1_282' title='bbox 1682 2135 1739 2176; x_wconf 93' lang='lat' dir='ltr'>ad</span> 
     </span>
     <span class='ocr_line' id='line_1_29' title="bbox 246 2196 1738 2245; baseline 0.001 -7"><span class='ocrx_word' id='word_1_283' title='bbox 246 2197 466 2239; x_wconf 90' lang='lat' dir='ltr'>infernum</span> <span class='ocrx_word' id='word_1_284' title='bbox 493 2203 539 2237; x_wconf 92' lang='lat' dir='ltr'>et</span> <span class='ocrx_word' id='word_1_285' title='bbox 565 2196 623 2237; x_wconf 87' lang='lat' dir='ltr'>ab</span> <span class='ocrx_word' id='word_1_286' title='bbox 648 2196 834 2245; x_wconf 86' lang='lat' dir='ltr'>inferno,</span> <span class='ocrx_word' id='word_1_287' title='bbox 860 2210 910 2236; x_wconf 91' lang='lat' dir='ltr'>ac</span> <span class='ocrx_word' id='word_1_288' title='bbox 939 2197 1032 2237; x_wconf 88' lang='lat' dir='ltr'>vita</span> <span class='ocrx_word' id='word_1_289' title='bbox 1057 2196 1251 2237; x_wconf 89' lang='lat' dir='ltr'>hominis</span> <span class='ocrx_word' id='word_1_290' title='bbox 1278 2211 1368 2238; x_wconf 92' lang='lat' dir='ltr'>non</span> <span class='ocrx_word' id='word_1_291' title='bbox 1394 2197 1443 2238; x_wconf 89' lang='lat' dir='ltr'>fit</span> <span class='ocrx_word' id='word_1_292' title='bbox 1465 2198 1559 2239; x_wconf 92' lang='lat' dir='ltr'>vita</span> <span class='ocrx_word' id='word_1_293' title='bbox 1583 2198 1663 2239; x_wconf 91' lang='lat' dir='ltr'>sed</span> <span class='ocrx_word' id='word_1_294' title='bbox 1688 2198 1738 2240; x_wconf 87' lang='lat' dir='ltr'>fit</span> 
     </span>
     <span class='ocr_line' id='line_1_30' title="bbox 248 2259 1738 2313; baseline 0.001 -12"><span class='ocrx_word' id='word_1_295' title='bbox 248 2274 381 2301; x_wconf 91' lang='lat' dir='ltr'>mors.</span> <span class='ocrx_word' id='word_1_296' title='bbox 443 2259 577 2313; x_wconf 77' lang='lat' dir='ltr'>Quod</span> <span class='ocrx_word' id='word_1_297' title='bbox 599 2261 693 2300; x_wconf 87' lang='lat' dir='ltr'>vita</span> <span class='ocrx_word' id='word_1_298' title='bbox 715 2259 898 2300; x_wconf 91' lang='lat' dir='ltr'>Domini</span> <span class='ocrx_word' id='word_1_299' title='bbox 920 2260 1037 2312; x_wconf 89' lang='lat' dir='ltr'>apud</span> <span class='ocrx_word' id='word_1_300' title='bbox 1060 2259 1291 2301; x_wconf 91' lang='lat' dir='ltr'>hominem</span> <span class='ocrx_word' id='word_1_301' title='bbox 1313 2261 1371 2301; x_wconf 89' lang='lat' dir='ltr'>sit</span> <span class='ocrx_word' id='word_1_302' title='bbox 1388 2261 1482 2301; x_wconf 88' lang='lat' dir='ltr'>vita</span> <span class='ocrx_word' id='word_1_303' title='bbox 1504 2261 1738 2302; x_wconf 82' lang='lat' dir='ltr'>charitatis</span> 
     </span>
     <span class='ocr_line' id='line_1_31' title="bbox 247 2321 1736 2377; baseline 0 -12"><span class='ocrx_word' id='word_1_304' title='bbox 247 2337 356 2377; x_wconf 88' lang='lat' dir='ltr'>erga</span> <span class='ocrx_word' id='word_1_305' title='bbox 387 2324 658 2377; x_wconf 86' lang='lat' dir='ltr'>proximum,</span> <span class='ocrx_word' id='word_1_306' title='bbox 693 2329 739 2364; x_wconf 89' lang='lat' dir='ltr'>et</span> <span class='ocrx_word' id='word_1_307' title='bbox 771 2323 890 2376; x_wconf 94' lang='lat' dir='ltr'>quod</span> <span class='ocrx_word' id='word_1_308' title='bbox 928 2321 1183 2375; x_wconf 70' lang='lat' dir='ltr'>conjun&amp;io</span> <span class='ocrx_word' id='word_1_309' title='bbox 1215 2324 1272 2364; x_wconf 93' lang='lat' dir='ltr'>sit</span> <span class='ocrx_word' id='word_1_310' title='bbox 1305 2324 1349 2364; x_wconf 92' lang='lat' dir='ltr'>in</span> <span class='ocrx_word' id='word_1_311' title='bbox 1381 2337 1533 2365; x_wconf 90' lang='lat' dir='ltr'>amore</span> <span class='ocrx_word' id='word_1_312' title='bbox 1564 2338 1736 2374; x_wconf 88' lang='lat' dir='ltr'>usuum,</span> 
     </span>
     <span class='ocr_line' id='line_1_32' title="bbox 247 2384 1738 2441; baseline 0.001 -14"><span class='ocrx_word' id='word_1_313' title='bbox 247 2400 380 2441; x_wconf 91' lang='lat' dir='ltr'>supra</span> <span class='ocrx_word' id='word_1_314' title='bbox 415 2386 471 2427; x_wconf 91' lang='lat' dir='ltr'>de</span> <span class='ocrx_word' id='word_1_315' title='bbox 507 2386 726 2427; x_wconf 70' lang='lat' dir='ltr'>charitate</span> <span class='ocrx_word' id='word_1_316' title='bbox 758 2384 925 2426; x_wconf 61' lang='lat' dir='ltr'>dietum</span> <span class='ocrx_word' id='word_1_317' title='bbox 957 2392 1053 2437; x_wconf 82' lang='lat' dir='ltr'>est3</span> <span class='ocrx_word' id='word_1_318' title='bbox 1095 2392 1142 2427; x_wconf 91' lang='lat' dir='ltr'>et</span> <span class='ocrx_word' id='word_1_319' title='bbox 1174 2387 1275 2439; x_wconf 92' lang='lat' dir='ltr'>quia</span> <span class='ocrx_word' id='word_1_320' title='bbox 1306 2400 1411 2427; x_wconf 88' lang='lat' dir='ltr'>vera</span> <span class='ocrx_word' id='word_1_321' title='bbox 1447 2387 1563 2428; x_wconf 90' lang='lat' dir='ltr'>hanc</span> <span class='ocrx_word' id='word_1_322' title='bbox 1596 2388 1738 2429; x_wconf 87' lang='lat' dir='ltr'>vitam</span> 
     </span>
    </p>
   </div>
   <div class='ocr_carea' id='block_1_6' title="bbox 247 2448 1736 2566">
    <p class='ocr_par' dir='ltr' id='par_1_6' title="bbox 247 2448 1736 2566">
     <span class='ocr_line' id='line_1_33' title="bbox 248 2448 1736 2504; baseline 0.001 -13"><span class='ocrx_word' id='word_1_323' title='bbox 248 2450 430 2500; x_wconf 88' lang='lat' dir='ltr'>docent,</span> <span class='ocrx_word' id='word_1_324' title='bbox 460 2455 588 2504; x_wconf 87' lang='lat' dir='ltr'>patet</span> <span class='ocrx_word' id='word_1_325' title='bbox 614 2449 734 2503; x_wconf 92' lang='lat' dir='ltr'>quod</span> <span class='ocrx_word' id='word_1_326' title='bbox 765 2449 842 2490; x_wconf 91' lang='lat' dir='ltr'>illa</span> <span class='ocrx_word' id='word_1_327' title='bbox 873 2449 930 2489; x_wconf 86' lang='lat' dir='ltr'>ab</span> <span class='ocrx_word' id='word_1_328' title='bbox 959 2463 1046 2489; x_wconf 90' lang='lat' dir='ltr'>una</span> <span class='ocrx_word' id='word_1_329' title='bbox 1077 2456 1205 2503; x_wconf 87' lang='lat' dir='ltr'>parte</span> <span class='ocrx_word' id='word_1_330' title='bbox 1238 2448 1445 2503; x_wconf 55' lang='lat' dir='ltr'>spectent</span> <span class='ocrx_word' id='word_1_331' title='bbox 1477 2450 1736 2502; x_wconf 90' lang='lat' dir='ltr'>Dominum,</span> 
     </span>
     <span class='ocr_line' id='line_1_34' title="bbox 247 2512 844 2566; baseline -0.003 -12"><span class='ocrx_word' id='word_1_332' title='bbox 247 2519 295 2555; x_wconf 85' lang='lat' dir='ltr'>et</span> <span class='ocrx_word' id='word_1_333' title='bbox 320 2513 378 2554; x_wconf 89' lang='lat' dir='ltr'>ab</span> <span class='ocrx_word' id='word_1_334' title='bbox 403 2512 549 2553; x_wconf 89' lang='lat' dir='ltr'>altera</span> <span class='ocrx_word' id='word_1_335' title='bbox 575 2512 844 2566; x_wconf 87' lang='lat' dir='ltr'>proximum.</span> 
     </span>
    </p>
   </div>
   <div class='ocr_carea' id='block_1_7' title="bbox 246 2632 1741 2721">
    <p class='ocr_par' dir='ltr' id='par_1_7' title="bbox 246 2632 1741 2721">
     <span class='ocr_line' id='line_1_35' title="bbox 246 2632 1741 2677; baseline 0.001 -10"><span class='ocrx_word' id='word_1_336' title='bbox 246 2634 279 2668; x_wconf 79' lang='lat'>4.</span> <span class='ocrx_word' id='word_1_337' title='bbox 314 2633 409 2670; x_wconf 77' lang='lat' dir='ltr'>Quod</span> <span class='ocrx_word' id='word_1_338' title='bbox 426 2643 505 2667; x_wconf 76' lang='lat' dir='ltr'>ret-a</span> <span class='ocrx_word' id='word_1_339' title='bbox 523 2633 668 2666; x_wconf 76' lang='lat' dir='ltr'>doceant</span> <span class='ocrx_word' id='word_1_340' title='bbox 682 2632 847 2676; x_wconf 82' lang='lat' dir='ltr'>quomodo</span> <span class='ocrx_word' id='word_1_341' title='bbox 864 2632 1025 2666; x_wconf 81' lang='lat' dir='ltr'>Dominus</span> <span class='ocrx_word' id='word_1_342' title='bbox 1038 2632 1218 2666; x_wconf 80' lang='lat' dir='ltr'>adeundus</span> <span class='ocrx_word' id='word_1_343' title='bbox 1234 2632 1291 2670; x_wconf 76' lang='lat' dir='ltr'>sit,</span> <span class='ocrx_word' id='word_1_344' title='bbox 1306 2632 1381 2666; x_wconf 77' lang='lat' dir='ltr'>dein</span> <span class='ocrx_word' id='word_1_345' title='bbox 1398 2632 1562 2677; x_wconf 72' lang='lat' dir='ltr'>quomodo</span> <span class='ocrx_word' id='word_1_346' title='bbox 1579 2633 1741 2668; x_wconf 72' lang='lat' dir='ltr'>Domitms</span> 
     </span>
     <span class='ocr_line' id='line_1_36' title="bbox 378 2676 864 2721; baseline -0.002 -10"><span class='ocrx_word' id='word_1_347' title='bbox 378 2687 443 2721; x_wconf 76' lang='lat' dir='ltr'>per·</span> <span class='ocrx_word' id='word_1_348' title='bbox 457 2677 626 2711; x_wconf 78' lang='lat' dir='ltr'>hominem</span> <span class='ocrx_word' id='word_1_349' title='bbox 644 2686 731 2710; x_wconf 81' lang='lat' dir='ltr'>usus</span> <span class='ocrx_word' id='word_1_350' title='bbox 749 2676 864 2710; x_wconf 65' lang='grc' dir='ltr'><em>ἱασίαΐ.</em></span> 
     </span>
    </p>
   </div>
   <div class='ocr_carea' id='block_1_8' title="bbox 248 2763 1738 2946">
    <p class='ocr_par' dir='ltr' id='par_1_8' title="bbox 248 2763 1738 2946">
     <span class='ocr_line' id='line_1_37' title="bbox 334 2763 1738 2820; baseline 0 -13"><span class='ocrx_word' id='word_1_351' title='bbox 334 2765 576 2820; x_wconf 82' lang='lat' dir='ltr'>Quomodo</span> <span class='ocrx_word' id='word_1_352' title='bbox 609 2765 828 2806; x_wconf 89' lang='lat' dir='ltr'>Dominus</span> <span class='ocrx_word' id='word_1_353' title='bbox 860 2765 1007 2806; x_wconf 89' lang='lat' dir='ltr'>aditur</span> <span class='ocrx_word' id='word_1_354' title='bbox 1037 2778 1153 2806; x_wconf 92' lang='lat' dir='ltr'>nunc</span> <span class='ocrx_word' id='word_1_355' title='bbox 1187 2763 1354 2806; x_wconf 64' lang='lat' dir='ltr'>dictum</span> <span class='ocrx_word' id='word_1_356' title='bbox 1386 2771 1470 2815; x_wconf 91' lang='lat' dir='ltr'>est,</span> <span class='ocrx_word' id='word_1_357' title='bbox 1498 2771 1545 2807; x_wconf 88' lang='lat' dir='ltr'>et</span> <span class='ocrx_word' id='word_1_358' title='bbox 1580 2766 1625 2807; x_wconf 88' lang='lat' dir='ltr'>in</span> <span class='ocrx_word' id='word_1_359' title='bbox 1656 2780 1738 2807; x_wconf 87' lang='lat' dir='ltr'>ex—</span> 
     </span>
     <span class='ocr_line' id='line_1_38' title="bbox 248 2828 1738 2884; baseline -0.001 -13"><span class='ocrx_word' id='word_1_360' title='bbox 248 2829 492 2884; x_wconf 89' lang='lat' dir='ltr'>plicatione</span> <span class='ocrx_word' id='word_1_361' title='bbox 516 2828 738 2882; x_wconf 88' lang='lat' dir='ltr'>Decalogi</span> <span class='ocrx_word' id='word_1_362' title='bbox 760 2828 909 2882; x_wconf 89' lang='lat' dir='ltr'>ample</span> <span class='ocrx_word' id='word_1_363' title='bbox 930 2829 1128 2878; x_wconf 86' lang='lat' dir='ltr'>dicetur;</span> <span class='ocrx_word' id='word_1_364' title='bbox 1155 2829 1383 2882; x_wconf 91' lang='lat' dir='ltr'>quomodo</span> <span class='ocrx_word' id='word_1_365' title='bbox 1405 2835 1556 2870; x_wconf 90' lang='lat' dir='ltr'>autem</span> <span class='ocrx_word' id='word_1_366' title='bbox 1580 2829 1738 2869; x_wconf 89' lang='lat' dir='ltr'>Domi-</span> 
     </span>
     <span class='ocr_line' id='line_1_39' title="bbox 249 2891 1736 2946; baseline -0.001 -12"><span class='ocrx_word' id='word_1_367' title='bbox 249 2907 330 2934; x_wconf 90' lang='lat' dir='ltr'>nus</span> <span class='ocrx_word' id='word_1_368' title='bbox 356 2892 459 2933; x_wconf 87' lang='lat' dir='ltr'>dein</span> <span class='ocrx_word' id='word_1_369' title='bbox 485 2892 604 2946; x_wconf 87' lang='lat' dir='ltr'>apud</span> <span class='ocrx_word' id='word_1_370' title='bbox 635 2891 866 2933; x_wconf 89' lang='lat' dir='ltr'>hominem</span> <span class='ocrx_word' id='word_1_371' title='bbox 893 2906 995 2932; x_wconf 90' lang='lat' dir='ltr'>usus</span> <span class='ocrx_word' id='word_1_372' title='bbox 1027 2892 1147 2941; x_wconf 88' lang='lat' dir='ltr'>facit,</span> <span class='ocrx_word' id='word_1_373' title='bbox 1176 2905 1292 2932; x_wconf 88' lang='lat' dir='ltr'>nunc</span> <span class='ocrx_word' id='word_1_374' title='bbox 1321 2892 1505 2934; x_wconf 65' lang='lat' dir='ltr'>dicetun</span> <span class='ocrx_word' id='word_1_375' title='bbox 1566 2891 1736 2933; x_wconf 87' lang='lat' dir='ltr'>Notum</span> 
     </span>
    </p>
   </div>
  </div>
 </body>
</html>
