<?xml version="1.0" encoding="UTF-8"?>
<!DOCTYPE html PUBLIC "-//W3C//DTD XHTML 1.0 Transitional//EN"
    "http://www.w3.org/TR/xhtml1/DTD/xhtml1-transitional.dtd">
<html xmlns="http://www.w3.org/1999/xhtml" xml:lang="en" lang="en">
 <head>
  <title>
</title>
<meta http-equiv="Content-Type" content="text/html;charset=utf-8" />
  <meta name='ocr-system' content='tesseract 3.04.00' />
  <meta name='ocr-capabilities' content='ocr_page ocr_carea ocr_par ocr_line ocrx_word'/>
</head>
<body>
  <div class='ocr_page' id='page_1' title='image "apocalypsisexpli05sweduoft_0016.png"; bbox 0 0 1962 3328; ppageno 0'>
   <div class='ocr_carea' id='block_1_1' title="bbox 256 267 1329 317">
    <p class='ocr_par' dir='ltr' id='par_1_1' title="bbox 256 267 1329 317">
     <span class='ocr_line' id='line_1_1' title="bbox 256 267 1329 317; baseline 0.004 -12"><span class='ocrx_word' id='word_1_1' title='bbox 256 267 365 317; x_wconf 88' lang='lat'><strong>2488</strong></span> <span class='ocrx_word' id='word_1_2' title='bbox 678 275 1003 308; x_wconf 76' lang='lat' dir='ltr'>APOCALYPSIS</span> <span class='ocrx_word' id='word_1_3' title='bbox 1034 277 1329 309; x_wconf 83' lang='lat' dir='ltr'><strong>EXPLICATA.</strong></span> 
     </span>
    </p>
   </div>
   <div class='ocr_carea' id='block_1_2' title="bbox 252 388 1742 1388">
    <p class='ocr_par' dir='ltr' id='par_1_2' title="bbox 255 388 1742 568">
     <span class='ocr_line' id='line_1_2' title="bbox 255 388 1742 446; baseline 0.005 -19"><span class='ocrx_word' id='word_1_4' title='bbox 255 388 363 428; x_wconf 88' lang='lat' dir='ltr'>illud</span> <span class='ocrx_word' id='word_1_5' title='bbox 390 389 471 429; x_wconf 87' lang='lat' dir='ltr'>visi</span> <span class='ocrx_word' id='word_1_6' title='bbox 500 389 588 429; x_wconf 90' lang='lat' dir='ltr'>sint</span> <span class='ocrx_word' id='word_1_7' title='bbox 619 391 729 443; x_wconf 88' lang='lat' dir='ltr'>“qui</span> <span class='ocrx_word' id='word_1_8' title='bbox 755 389 987 431; x_wconf 60' lang='lat' dir='ltr'>victoriam</span> <span class='ocrx_word' id='word_1_9' title='bbox 1014 391 1265 434; x_wconf 89' lang='lat' dir='ltr'>habuerunt</span> <span class='ocrx_word' id='word_1_10' title='bbox 1292 392 1347 432; x_wconf 91' lang='lat' dir='ltr'>de</span> <span class='ocrx_word' id='word_1_11' title='bbox 1374 392 1558 440; x_wconf 87' lang='lat' dir='ltr'>bestia,&#39;&#39;</span> <span class='ocrx_word' id='word_1_12' title='bbox 1585 399 1630 433; x_wconf 89' lang='lat' dir='ltr'>et</span> <span class='ocrx_word' id='word_1_13' title='bbox 1663 406 1742 446; x_wconf 88' lang='lat' dir='ltr'>per</span> 
     </span>
     <span class='ocr_line' id='line_1_3' title="bbox 255 451 1741 509; baseline 0.003 -18"><span class='ocrx_word' id='word_1_14' title='bbox 255 451 355 491; x_wconf 91' lang='lat' dir='ltr'>illos</span> <span class='ocrx_word' id='word_1_15' title='bbox 379 451 687 504; x_wconf 87' lang='lat' dir='ltr'>significantur</span> <span class='ocrx_word' id='word_1_16' title='bbox 709 455 781 506; x_wconf 90' lang='lat' dir='ltr'>qui</span> <span class='ocrx_word' id='word_1_17' title='bbox 805 453 1005 494; x_wconf 81' lang='lat' dir='ltr'>Verbum</span> <span class='ocrx_word' id='word_1_18' title='bbox 1029 468 1118 494; x_wconf 91' lang='lat' dir='ltr'>non</span> <span class='ocrx_word' id='word_1_19' title='bbox 1141 454 1503 504; x_wconf 88' lang='lat' dir='ltr'>falsificaverunt,</span> <span class='ocrx_word' id='word_1_20' title='bbox 1528 462 1574 496; x_wconf 91' lang='lat' dir='ltr'>et</span> <span class='ocrx_word' id='word_1_21' title='bbox 1597 470 1675 509; x_wconf 91' lang='lat' dir='ltr'>per</span> <span class='ocrx_word' id='word_1_22' title='bbox 1697 457 1741 496; x_wconf 92' lang='lat' dir='ltr'>id</span> 
     </span>
     <span class='ocr_line' id='line_1_4' title="bbox 255 514 1333 568; baseline 0.003 -14"><span class='ocrx_word' id='word_1_23' title='bbox 255 514 401 555; x_wconf 91' lang='lat' dir='ltr'>lucem</span> <span class='ocrx_word' id='word_1_24' title='bbox 429 528 584 555; x_wconf 88' lang='lat' dir='ltr'>sensus</span> <span class='ocrx_word' id='word_1_25' title='bbox 612 516 852 568; x_wconf 90' lang='lat' dir='ltr'>spiritualis</span> <span class='ocrx_word' id='word_1_26' title='bbox 880 530 969 556; x_wconf 91' lang='lat' dir='ltr'>non</span> <span class='ocrx_word' id='word_1_27' title='bbox 997 518 1333 558; x_wconf 83' lang='lat' dir='ltr'>exstinxerunt.</span> 
     </span>
    </p>

    <p class='ocr_par' dir='ltr' id='par_1_3' title="bbox 252 579 1742 1388">
     <span class='ocr_line' id='line_1_5' title="bbox 336 579 1742 634; baseline 0.003 -15"><span class='ocrx_word' id='word_1_28' title='bbox 336 589 466 631; x_wconf 78' lang='lat'><strong>932.</strong></span> <span class='ocrx_word' id='word_1_29' title='bbox 497 580 574 618; x_wconf 72' lang='lat' dir='ltr'>“ft</span> <span class='ocrx_word' id='word_1_30' title='bbox 598 580 801 619; x_wconf 74' lang='lat' dir='ltr'>victoriam</span> <span class='ocrx_word' id='word_1_31' title='bbox 825 580 1022 621; x_wconf 75' lang='lat' dir='ltr'>habentes</span> <span class='ocrx_word' id='word_1_32' title='bbox 1045 581 1094 621; x_wconf 78' lang='lat' dir='ltr'>de</span> <span class='ocrx_word' id='word_1_33' title='bbox 1122 579 1487 634; x_wconf 73' lang='lat' dir='ltr'>bestia.&#39;&#39;—Quod</span> <span class='ocrx_word' id='word_1_34' title='bbox 1517 582 1742 634; x_wconf 88' lang='lat' dir='ltr'>significet</span> 
     </span>
     <span class='ocr_line' id='line_1_6' title="bbox 255 643 1740 699; baseline 0.003 -17"><span class='ocrx_word' id='word_1_35' title='bbox 255 643 334 694; x_wconf 80' lang='lat' dir='ltr'>qui</span> <span class='ocrx_word' id='word_1_36' title='bbox 350 643 488 683; x_wconf 78' lang='lat' dir='ltr'>vitam</span> <span class='ocrx_word' id='word_1_37' title='bbox 509 643 746 683; x_wconf 70' lang='lat' dir='ltr'>charitatis</span> <span class='ocrx_word' id='word_1_38' title='bbox 768 644 989 693; x_wconf 72' lang='lat' dir='ltr'>vixerunt,</span> <span class='ocrx_word' id='word_1_39' title='bbox 1013 651 1054 684; x_wconf 85' lang='lat' dir='ltr'>et</span> <span class='ocrx_word' id='word_1_40' title='bbox 1075 645 1175 684; x_wconf 77' lang='lat' dir='ltr'><em>inde</em></span> <span class='ocrx_word' id='word_1_41' title='bbox 1196 659 1277 685; x_wconf 82' lang='lat' dir='ltr'>non</span> <span class='ocrx_word' id='word_1_42' title='bbox 1287 646 1604 699; x_wconf 79' lang='lat' dir='ltr'>falszficarunt</span> <span class='ocrx_word' id='word_1_43' title='bbox 1635 646 1676 686; x_wconf 84' lang='lat' dir='ltr'><em>V</em></span> <span class='ocrx_word' id='word_1_44' title='bbox 1671 661 1740 687; x_wconf 82' lang='lat' dir='ltr'>er-</span> 
     </span>
     <span class='ocr_line' id='line_1_7' title="bbox 255 705 1740 758; baseline 0.003 -14"><span class='ocrx_word' id='word_1_45' title='bbox 255 705 367 753; x_wconf 83' lang='lat' dir='ltr'>bum,</span> <span class='ocrx_word' id='word_1_46' title='bbox 397 713 578 746; x_wconf 89' lang='lat' dir='ltr'>constat</span> <span class='ocrx_word' id='word_1_47' title='bbox 606 720 664 746; x_wconf 85' lang='lat' dir='ltr'>ex</span> <span class='ocrx_word' id='word_1_48' title='bbox 692 707 1023 758; x_wconf 84' lang='lat' dir='ltr'>significatione</span> <span class='ocrx_word' id='word_1_49' title='bbox 1052 706 1324 748; x_wconf 60' lang='lat' dir='ltr'>“victoriam</span> <span class='ocrx_word' id='word_1_50' title='bbox 1356 708 1524 749; x_wconf 90' lang='lat' dir='ltr'>habere</span> <span class='ocrx_word' id='word_1_51' title='bbox 1550 709 1606 749; x_wconf 91' lang='lat' dir='ltr'>de</span> <span class='ocrx_word' id='word_1_52' title='bbox 1638 709 1740 749; x_wconf 90' lang='lat' dir='ltr'>bes-</span> 
     </span>
     <span class='ocr_line' id='line_1_8' title="bbox 255 767 1741 823; baseline 0.003 -16"><span class='ocrx_word' id='word_1_53' title='bbox 255 767 356 816; x_wconf 84' lang='lat' dir='ltr'>tia‚&#39;’</span> <span class='ocrx_word' id='word_1_54' title='bbox 380 768 498 821; x_wconf 91' lang='lat' dir='ltr'>quod</span> <span class='ocrx_word' id='word_1_55' title='bbox 524 769 580 808; x_wconf 90' lang='lat' dir='ltr'>sit</span> <span class='ocrx_word' id='word_1_56' title='bbox 608 769 748 808; x_wconf 88' lang='lat' dir='ltr'>vitam</span> <span class='ocrx_word' id='word_1_57' title='bbox 776 769 1012 809; x_wconf 87' lang='lat' dir='ltr'>charitatis</span> <span class='ocrx_word' id='word_1_58' title='bbox 1035 771 1211 820; x_wconf 88' lang='lat' dir='ltr'>vivere;</span> <span class='ocrx_word' id='word_1_59' title='bbox 1245 784 1348 810; x_wconf 90' lang='lat' dir='ltr'>nam</span> <span class='ocrx_word' id='word_1_60' title='bbox 1377 785 1454 823; x_wconf 91' lang='lat' dir='ltr'>per</span> <span class='ocrx_word' id='word_1_61' title='bbox 1480 771 1741 812; x_wconf 81' lang='lat' dir='ltr'>“bestiam&#39;’</span> 
     </span>
     <span class='ocr_line' id='line_1_9' title="bbox 254 830 1742 887; baseline 0.003 -17"><span class='ocrx_word' id='word_1_62' title='bbox 254 830 563 883; x_wconf 91' lang='lat' dir='ltr'>significantur</span> <span class='ocrx_word' id='word_1_63' title='bbox 599 832 670 884; x_wconf 93' lang='lat' dir='ltr'>qui</span> <span class='ocrx_word' id='word_1_64' title='bbox 712 832 755 871; x_wconf 87' lang='lat' dir='ltr'>in</span> <span class='ocrx_word' id='word_1_65' title='bbox 793 831 878 872; x_wconf 89' lang='lat' dir='ltr'>fide</span> <span class='ocrx_word' id='word_1_66' title='bbox 917 839 1126 884; x_wconf 88' lang='lat' dir='ltr'>separata</span> <span class='ocrx_word' id='word_1_67' title='bbox 1163 847 1188 872; x_wconf 91' lang='lat' dir='ltr'>a</span> <span class='ocrx_word' id='word_1_68' title='bbox 1230 833 1469 881; x_wconf 81' lang='lat' dir='ltr'>charitate,</span> <span class='ocrx_word' id='word_1_69' title='bbox 1509 847 1585 874; x_wconf 88' lang='lat' dir='ltr'>seu</span> <span class='ocrx_word' id='word_1_70' title='bbox 1622 834 1742 887; x_wconf 91' lang='lat' dir='ltr'>quod</span> 
     </span>
     <span class='ocr_line' id='line_1_10' title="bbox 254 893 1741 948; baseline 0.003 -15"><span class='ocrx_word' id='word_1_71' title='bbox 254 894 387 942; x_wconf 87' lang='lat' dir='ltr'>idem,</span> <span class='ocrx_word' id='word_1_72' title='bbox 412 895 485 947; x_wconf 91' lang='lat' dir='ltr'>qui</span> <span class='ocrx_word' id='word_1_73' title='bbox 509 896 553 934; x_wconf 89' lang='lat' dir='ltr'>-in</span> <span class='ocrx_word' id='word_1_74' title='bbox 581 893 666 934; x_wconf 91' lang='lat' dir='ltr'>fide</span> <span class='ocrx_word' id='word_1_75' title='bbox 694 895 861 947; x_wconf 77' lang='lat' dir='ltr'>absque</span> <span class='ocrx_word' id='word_1_76' title='bbox 889 895 1018 934; x_wconf 89' lang='lat' dir='ltr'>bonis</span> <span class='ocrx_word' id='word_1_77' title='bbox 1041 896 1248 948; x_wconf 81' lang='lat' dir='ltr'>operibus</span> <span class='ocrx_word' id='word_1_78' title='bbox 1277 902 1395 944; x_wconf 89' lang='lat' dir='ltr'>sunt,</span> <span class='ocrx_word' id='word_1_79' title='bbox 1421 903 1466 936; x_wconf 88' lang='lat' dir='ltr'>et</span> <span class='ocrx_word' id='word_1_80' title='bbox 1494 897 1741 938; x_wconf 89' lang='lat' dir='ltr'>secundum</span> 
     </span>
     <span class='ocr_line' id='line_1_11' title="bbox 253 956 1741 1010; baseline 0.002 -14"><span class='ocrx_word' id='word_1_81' title='bbox 253 956 377 996; x_wconf 86' lang='lat' dir='ltr'>illam</span> <span class='ocrx_word' id='word_1_82' title='bbox 404 956 538 996; x_wconf 88' lang='lat' dir='ltr'>fidem</span> <span class='ocrx_word' id='word_1_83' title='bbox 565 958 748 1006; x_wconf 87' lang='lat' dir='ltr'>vivunt;</span> <span class='ocrx_word' id='word_1_84' title='bbox 782 958 854 1010; x_wconf 90' lang='lat' dir='ltr'>qui</span> <span class='ocrx_word' id='word_1_85' title='bbox 882 958 1032 1010; x_wconf 90' lang='lat' dir='ltr'>itaque</span> <span class='ocrx_word' id='word_1_86' title='bbox 1056 971 1146 997; x_wconf 91' lang='lat' dir='ltr'>non</span> <span class='ocrx_word' id='word_1_87' title='bbox 1173 958 1296 997; x_wconf 89' lang='lat' dir='ltr'>illam</span> <span class='ocrx_word' id='word_1_88' title='bbox 1323 958 1471 1006; x_wconf 88' lang='lat' dir='ltr'>fidem,</span> <span class='ocrx_word' id='word_1_89' title='bbox 1501 960 1580 999; x_wconf 90' lang='lat' dir='ltr'>sed</span> <span class='ocrx_word' id='word_1_90' title='bbox 1607 959 1741 1000; x_wconf 90' lang='lat' dir='ltr'>fidem</span> 
     </span>
     <span class='ocr_line' id='line_1_12' title="bbox 254 1019 1740 1071; baseline 0.003 -13"><span class='ocrx_word' id='word_1_91' title='bbox 254 1019 486 1059; x_wconf 83' lang='lat' dir='ltr'>charitatis</span> <span class='ocrx_word' id='word_1_92' title='bbox 509 1020 679 1067; x_wconf 85' lang='lat' dir='ltr'>vivunt,</span> <span class='ocrx_word' id='word_1_93' title='bbox 708 1019 978 1060; x_wconf 67' lang='lat' dir='ltr'>“victoriam</span> <span class='ocrx_word' id='word_1_94' title='bbox 1002 1021 1057 1060; x_wconf 91' lang='lat' dir='ltr'>de</span> <span class='ocrx_word' id='word_1_95' title='bbox 1080 1020 1226 1060; x_wconf 89' lang='lat' dir='ltr'>bestia</span> <span class='ocrx_word' id='word_1_96' title='bbox 1248 1021 1419 1061; x_wconf 90' lang='lat' dir='ltr'>habent</span> <span class='ocrx_word' id='word_1_97' title='bbox 1437 1021 1471 1071; x_wconf 86' lang='lat'>;”</span> <span class='ocrx_word' id='word_1_98' title='bbox 1504 1035 1607 1061; x_wconf 92' lang='lat' dir='ltr'>nam</span> <span class='ocrx_word' id='word_1_99' title='bbox 1631 1035 1740 1062; x_wconf 88' lang='lat' dir='ltr'>con-</span> 
     </span>
     <span class='ocr_line' id='line_1_13' title="bbox 254 1081 1739 1136; baseline 0.003 -15"><span class='ocrx_word' id='word_1_100' title='bbox 254 1088 323 1121; x_wconf 92' lang='lat' dir='ltr'>tra</span> <span class='ocrx_word' id='word_1_101' title='bbox 347 1082 469 1122; x_wconf 90' lang='lat' dir='ltr'>illam</span> <span class='ocrx_word' id='word_1_102' title='bbox 492 1081 625 1122; x_wconf 91' lang='lat' dir='ltr'>fidem</span> <span class='ocrx_word' id='word_1_103' title='bbox 648 1084 742 1122; x_wconf 88' lang='lat' dir='ltr'>vita</span> <span class='ocrx_word' id='word_1_104' title='bbox 765 1097 842 1122; x_wconf 89' lang='lat' dir='ltr'>sua</span> <span class='ocrx_word' id='word_1_105' title='bbox 866 1089 1088 1135; x_wconf 79' lang='lat' dir='ltr'>pugnant,</span> <span class='ocrx_word' id='word_1_106' title='bbox 1113 1089 1158 1124; x_wconf 90' lang='lat' dir='ltr'>et</span> <span class='ocrx_word' id='word_1_107' title='bbox 1181 1084 1282 1136; x_wconf 86' lang='lat' dir='ltr'>quia</span> <span class='ocrx_word' id='word_1_108' title='bbox 1305 1082 1497 1124; x_wconf 68' lang='lat' dir='ltr'>victores</span> <span class='ocrx_word' id='word_1_109' title='bbox 1524 1085 1739 1134; x_wconf 88' lang='lat' dir='ltr'>evadunt,</span> 
     </span>
     <span class='ocr_line' id='line_1_14' title="bbox 253 1143 1741 1200; baseline 0.003 -16"><span class='ocrx_word' id='word_1_110' title='bbox 253 1145 389 1184; x_wconf 87' lang='lat' dir='ltr'>etiam</span> <span class='ocrx_word' id='word_1_111' title='bbox 417 1143 629 1188; x_wconf 66' lang='lat' dir='ltr'>victoriae</span> <span class='ocrx_word' id='word_1_112' title='bbox 657 1147 902 1198; x_wconf 87' lang='lat' dir='ltr'>praemium</span> <span class='ocrx_word' id='word_1_113' title='bbox 934 1153 1036 1199; x_wconf 87' lang='lat' dir='ltr'>post</span> <span class='ocrx_word' id='word_1_114' title='bbox 1064 1147 1204 1186; x_wconf 78' lang='lat' dir='ltr'>vitam</span> <span class='ocrx_word' id='word_1_115' title='bbox 1237 1148 1280 1186; x_wconf 92' lang='lat' dir='ltr'>in</span> <span class='ocrx_word' id='word_1_116' title='bbox 1313 1147 1481 1187; x_wconf 90' lang='lat' dir='ltr'>mundo</span> <span class='ocrx_word' id='word_1_117' title='bbox 1507 1148 1741 1200; x_wconf 89' lang='lat' dir='ltr'>recipiunt.</span> 
     </span>
     <span class='ocr_line' id='line_1_15' title="bbox 255 1207 1742 1262; baseline 0.003 -16"><span class='ocrx_word' id='word_1_118' title='bbox 255 1207 478 1259; x_wconf 77' lang='lat' dir='ltr'>Quoniam</span> <span class='ocrx_word' id='word_1_119' title='bbox 523 1221 600 1260; x_wconf 93' lang='lat' dir='ltr'>per</span> <span class='ocrx_word' id='word_1_120' title='bbox 644 1213 668 1227; x_wconf 88' lang='lat'>“</span> <span class='ocrx_word' id='word_1_121' title='bbox 685 1209 878 1248; x_wconf 90' lang='lat' dir='ltr'>bestiam</span> <span class='ocrx_word' id='word_1_122' title='bbox 895 1209 913 1223; x_wconf 90' lang='lat'>”</span> <span class='ocrx_word' id='word_1_123' title='bbox 957 1210 1094 1249; x_wconf 87' lang='lat' dir='ltr'>etiam</span> <span class='ocrx_word' id='word_1_124' title='bbox 1137 1209 1416 1262; x_wconf 88' lang='lat' dir='ltr'>significatur</span> <span class='ocrx_word' id='word_1_125' title='bbox 1458 1210 1742 1251; x_wconf 89' lang='lat' dir='ltr'>confirmatio</span> 
     </span>
     <span class='ocr_line' id='line_1_16' title="bbox 252 1270 1740 1325; baseline 0.002 -15"><span class='ocrx_word' id='word_1_126' title='bbox 252 1270 354 1310; x_wconf 89' lang='lat' dir='ltr'>fidei</span> <span class='ocrx_word' id='word_1_127' title='bbox 386 1277 621 1322; x_wconf 79' lang='lat' dir='ltr'>separatae</span> <span class='ocrx_word' id='word_1_128' title='bbox 658 1285 716 1311; x_wconf 83' lang='lat' dir='ltr'>ex</span> <span class='ocrx_word' id='word_1_129' title='bbox 750 1271 917 1319; x_wconf 88' lang='lat' dir='ltr'>Verbo,</span> <span class='ocrx_word' id='word_1_130' title='bbox 952 1279 997 1312; x_wconf 89' lang='lat' dir='ltr'>et</span> <span class='ocrx_word' id='word_1_131' title='bbox 1035 1272 1139 1312; x_wconf 91' lang='lat' dir='ltr'>inde</span> <span class='ocrx_word' id='word_1_132' title='bbox 1176 1272 1430 1312; x_wconf 87' lang='lat' dir='ltr'>falsificatio</span> <span class='ocrx_word' id='word_1_133' title='bbox 1461 1273 1568 1325; x_wconf 81' lang='lat' dir='ltr'>ejus,</span> <span class='ocrx_word' id='word_1_134' title='bbox 1603 1274 1740 1314; x_wconf 89' lang='lat' dir='ltr'>etiam</span> 
     </span>
     <span class='ocr_line' id='line_1_17' title="bbox 252 1331 1740 1388; baseline 0.003 -16"><span class='ocrx_word' id='word_1_135' title='bbox 252 1346 331 1386; x_wconf 91' lang='lat' dir='ltr'>per</span> <span class='ocrx_word' id='word_1_136' title='bbox 350 1331 618 1373; x_wconf 62' lang='lat' dir='ltr'>“victoriam</span> <span class='ocrx_word' id='word_1_137' title='bbox 642 1334 808 1374; x_wconf 88' lang='lat' dir='ltr'>habere</span> <span class='ocrx_word' id='word_1_138' title='bbox 832 1335 887 1374; x_wconf 90' lang='lat' dir='ltr'>de</span> <span class='ocrx_word' id='word_1_139' title='bbox 910 1334 1086 1374; x_wconf 84' lang='lat' dir='ltr'>bestia”</span> <span class='ocrx_word' id='word_1_140' title='bbox 1105 1334 1384 1387; x_wconf 89' lang='lat' dir='ltr'>significatur</span> <span class='ocrx_word' id='word_1_141' title='bbox 1402 1336 1522 1388; x_wconf 90' lang='lat' dir='ltr'>quod</span> <span class='ocrx_word' id='word_1_142' title='bbox 1545 1349 1636 1375; x_wconf 87' lang='lat' dir='ltr'>non</span> <span class='ocrx_word' id='word_1_143' title='bbox 1659 1336 1740 1376; x_wconf 86' lang='lat' dir='ltr'>fal-</span> 
     </span>
    </p>
   </div>
   <div class='ocr_carea' id='block_1_3' title="bbox 253 1394 1742 1444">
    <p class='ocr_par' dir='ltr' id='par_1_4' title="bbox 253 1394 1742 1444">
     <span class='ocr_line' id='line_1_18' title="bbox 253 1394 1742 1444; baseline 0.002 -11"><span class='ocrx_word' id='word_1_144' title='bbox 253 1394 524 1434; x_wconf 73' lang='lat' dir='ltr'>SlfiCaVCrlnt</span> <span class='ocrx_word' id='word_1_145' title='bbox 557 1395 774 1435; x_wconf 78' lang='lat' dir='ltr'>Verbum.</span> <span class='ocrx_word' id='word_1_146' title='bbox 834 1406 946 1444; x_wconf 86' lang='lat' dir='ltr'>(Quod</span> <span class='ocrx_word' id='word_1_147' title='bbox 965 1416 1021 1444; x_wconf 92' lang='lat' dir='ltr'>per</span> <span class='ocrx_word' id='word_1_148' title='bbox 1035 1404 1154 1435; x_wconf 82' lang='lat' dir='ltr'>“binas</span> <span class='ocrx_word' id='word_1_149' title='bbox 1172 1407 1316 1435; x_wconf 82' lang='lat' dir='ltr'>bestias&#39;’</span> <span class='ocrx_word' id='word_1_150' title='bbox 1338 1408 1495 1441; x_wconf 87' lang='lat' dir='ltr'>draconis,</span> <span class='ocrx_word' id='word_1_151' title='bbox 1515 1409 1555 1436; x_wconf 86' lang='lat' dir='ltr'>de</span> <span class='ocrx_word' id='word_1_152' title='bbox 1575 1408 1690 1444; x_wconf 85' lang='lat' dir='ltr'>quibus</span> <span class='ocrx_word' id='word_1_153' title='bbox 1710 1408 1742 1436; x_wconf 91' lang='lat' dir='ltr'>in</span> 
     </span>
    </p>
   </div>
   <div class='ocr_carea' id='block_1_4' title="bbox 251 1455 1741 1549">
    <p class='ocr_par' dir='ltr' id='par_1_5' title="bbox 251 1455 1741 1549">
     <span class='ocr_line' id='line_1_19' title="bbox 252 1455 1741 1494; baseline 0.003 -12"><span class='ocrx_word' id='word_1_154' title='bbox 252 1455 353 1492; x_wconf 82' lang='lat' dir='ltr'>eapite</span> <span class='ocrx_word' id='word_1_155' title='bbox 369 1455 429 1483; x_wconf 84' lang='lat' dir='ltr'>xiii.</span> <span class='ocrx_word' id='word_1_156' title='bbox 447 1455 557 1492; x_wconf 84' lang='lat' dir='ltr'>agitur,</span> <span class='ocrx_word' id='word_1_157' title='bbox 571 1456 762 1493; x_wconf 84' lang='lat' dir='ltr'>significetur</span> <span class='ocrx_word' id='word_1_158' title='bbox 776 1457 854 1485; x_wconf 89' lang='lat' dir='ltr'>fides</span> <span class='ocrx_word' id='word_1_159' title='bbox 869 1462 1012 1494; x_wconf 88' lang='lat' dir='ltr'>separata</span> <span class='ocrx_word' id='word_1_160' title='bbox 1026 1467 1045 1486; x_wconf 87' lang='lat' dir='ltr'>a</span> <span class='ocrx_word' id='word_1_161' title='bbox 1059 1458 1150 1486; x_wconf 89' lang='lat' dir='ltr'>bonis</span> <span class='ocrx_word' id='word_1_162' title='bbox 1165 1458 1256 1491; x_wconf 80' lang='lat' dir='ltr'>vitae,</span> <span class='ocrx_word' id='word_1_163' title='bbox 1270 1462 1300 1486; x_wconf 87' lang='lat' dir='ltr'>et</span> <span class='ocrx_word' id='word_1_164' title='bbox 1316 1467 1444 1494; x_wconf 89' lang='lat' dir='ltr'>quoque</span> <span class='ocrx_word' id='word_1_165' title='bbox 1461 1458 1633 1487; x_wconf 78' lang='lat' dir='ltr'>falsificatio</span> <span class='ocrx_word' id='word_1_166' title='bbox 1644 1459 1741 1488; x_wconf 88' lang='lat' dir='ltr'>Verbi</span> 
     </span>
     <span class='ocr_line' id='line_1_20' title="bbox 251 1498 1289 1549; baseline 0.003 -16"><span class='ocrx_word' id='word_1_167' title='bbox 251 1505 293 1533; x_wconf 88' lang='lat' dir='ltr'>ad</span> <span class='ocrx_word' id='word_1_168' title='bbox 307 1505 559 1534; x_wconf 87' lang='lat' dir='ltr'>confirmandam</span> <span class='ocrx_word' id='word_1_169' title='bbox 576 1506 671 1540; x_wconf 81' lang='lat' dir='ltr'>illam,</span> <span class='ocrx_word' id='word_1_170' title='bbox 686 1498 830 1535; x_wconf 81' lang='lat' dir='ltr'>videatur</span> <span class='ocrx_word' id='word_1_171' title='bbox 844 1516 949 1544; x_wconf 86' lang='lat' dir='ltr'>supra,</span> <span class='ocrx_word' id='word_1_172' title='bbox 966 1516 997 1536; x_wconf 91' lang='lat' dir='ltr'>n.</span> <span class='ocrx_word' id='word_1_173' title='bbox 1014 1506 1107 1548; x_wconf 79' lang='grc'><em>773,</em></span> <span class='ocrx_word' id='word_1_174' title='bbox 1126 1498 1173 1536; x_wconf 89' lang='lat'>81</span> <span class='ocrx_word' id='word_1_175' title='bbox 1187 1507 1289 1549; x_wconf 80' lang='grc' dir='ltr'>5[α].)</span> 
     </span>
    </p>
   </div>
   <div class='ocr_carea' id='block_1_5' title="bbox 714 1657 1285 1711">
    <p class='ocr_par' dir='ltr' id='par_1_6' title="bbox 714 1657 1285 1711">
     <span class='ocr_line' id='line_1_21' title="bbox 714 1657 1285 1711; baseline 0.004 -10"><span class='ocrx_word' id='word_1_176' title='bbox 714 1657 803 1711; x_wconf 70' lang='lat' dir='ltr'>[ime</span> <span class='ocrx_word' id='word_1_177' title='bbox 832 1657 974 1703; x_wconf 65' lang='lat' dir='ltr'>ssnniz</span> <span class='ocrx_word' id='word_1_178' title='bbox 1005 1658 1285 1711; x_wconf 63' lang='lat' dir='ltr'>OEhatitatiz]</span> 
     </span>
    </p>
   </div>
   <div class='ocr_carea' id='block_1_6' title="bbox 911 1764 1079 1772">
    <p class='ocr_par' dir='ltr' id='par_1_7' title="bbox 911 1764 1079 1772">
     <span class='ocr_line' id='line_1_22' title="bbox 911 1764 1079 1772; baseline 0 0"><span class='ocrx_word' id='word_1_179' title='bbox 911 1764 1079 1772; x_wconf 95' lang='lat' dir='ltr'> </span> 
     </span>
    </p>
   </div>
   <div class='ocr_carea' id='block_1_7' title="bbox 249 1824 1742 1915">
    <p class='ocr_par' dir='ltr' id='par_1_8' title="bbox 249 1824 1742 1915">
     <span class='ocr_line' id='line_1_23' title="bbox 323 1824 1741 1902; baseline 0.001 -43"><span class='ocrx_word' id='word_1_180' title='bbox 323 1825 521 1871; x_wconf 72' lang='lat' dir='ltr'>Quoniam</span> <span class='ocrx_word' id='word_1_181' title='bbox 544 1825 582 1859; x_wconf 89' lang='lat' dir='ltr'>in</span> <span class='ocrx_word' id='word_1_182' title='bbox 604 1825 933 1870; x_wconf 85' lang='lat' dir='ltr'>explicationibus</span> <span class='ocrx_word' id='word_1_183' title='bbox 955 1826 1004 1860; x_wconf 90' lang='lat' dir='ltr'>ad</span> <span class='ocrx_word' id='word_1_184' title='bbox 1029 1825 1123 1860; x_wconf 85' lang='lat' dir='ltr'>bina</span> <span class='ocrx_word' id='word_1_185' title='bbox 1147 1825 1278 1902; x_wconf 61' lang='lat' dir='ltr'>capita</span> <span class='ocrx_word' id='word_1_186' title='bbox 1299 1825 1575 1870; x_wconf 87' lang='lat' dir='ltr'>praecedentia</span> <span class='ocrx_word' id='word_1_187' title='bbox 1602 1824 1682 1870; x_wconf 88' lang='lat' dir='ltr'>(xii.</span> <span class='ocrx_word' id='word_1_188' title='bbox 1700 1830 1741 1860; x_wconf 85' lang='lat' dir='ltr'>et</span> 
     </span>
     <span class='ocr_line' id='line_1_24' title="bbox 249 1869 1742 1915; baseline -0.002 -10"><span class='ocrx_word' id='word_1_189' title='bbox 249 1871 345 1915; x_wconf 84' lang='lat' dir='ltr'>xiii.)</span> <span class='ocrx_word' id='word_1_190' title='bbox 372 1870 504 1905; x_wconf 62' lang='lat' dir='ltr'>aecum</span> <span class='ocrx_word' id='word_1_191' title='bbox 531 1876 590 1905; x_wconf 88' lang='lat' dir='ltr'>est</span> <span class='ocrx_word' id='word_1_192' title='bbox 608 1871 657 1904; x_wconf 90' lang='lat' dir='ltr'>de</span> <span class='ocrx_word' id='word_1_193' title='bbox 683 1870 761 1904; x_wconf 87' lang='lat' dir='ltr'>fide</span> <span class='ocrx_word' id='word_1_194' title='bbox 779 1875 959 1914; x_wconf 88' lang='lat' dir='ltr'>separata</span> <span class='ocrx_word' id='word_1_195' title='bbox 984 1880 1007 1904; x_wconf 90' lang='lat' dir='ltr'>a</span> <span class='ocrx_word' id='word_1_196' title='bbox 1031 1870 1146 1903; x_wconf 86' lang='lat' dir='ltr'>bonis</span> <span class='ocrx_word' id='word_1_197' title='bbox 1172 1879 1193 1903; x_wconf 93' lang='lat' dir='ltr'>c</span> <span class='ocrx_word' id='word_1_198' title='bbox 1225 1869 1386 1908; x_wconf 83' lang='lat' dir='ltr'>aritatis‚</span> <span class='ocrx_word' id='word_1_199' title='bbox 1406 1879 1506 1913; x_wconf 90' lang='lat' dir='ltr'>quae</span> <span class='ocrx_word' id='word_1_200' title='bbox 1524 1874 1615 1903; x_wconf 91' lang='lat' dir='ltr'>sunt</span> <span class='ocrx_word' id='word_1_201' title='bbox 1639 1869 1742 1902; x_wconf 86' lang='lat' dir='ltr'>bona</span> 
     </span>
    </p>
   </div>
   <div class='ocr_carea' id='block_1_8' title="bbox 250 1914 1743 2616">
    <p class='ocr_par' dir='ltr' id='par_1_9' title="bbox 250 1914 1743 2616">
     <span class='ocr_line' id='line_1_25' title="bbox 250 1914 1740 1963; baseline -0.003 -11"><span class='ocrx_word' id='word_1_202' title='bbox 250 1928 379 1963; x_wconf 88' lang='lat' dir='ltr'>opera,</span> <span class='ocrx_word' id='word_1_203' title='bbox 405 1924 491 1951; x_wconf 91' lang='lat' dir='ltr'>tum</span> <span class='ocrx_word' id='word_1_204' title='bbox 522 1918 571 1951; x_wconf 89' lang='lat' dir='ltr'>de</span> <span class='ocrx_word' id='word_1_205' title='bbox 601 1917 679 1950; x_wconf 89' lang='lat' dir='ltr'>fide</span> <span class='ocrx_word' id='word_1_206' title='bbox 708 1927 757 1950; x_wconf 82' lang='lat' dir='ltr'>ex</span> <span class='ocrx_word' id='word_1_207' title='bbox 786 1916 988 1956; x_wconf 86' lang='lat' dir='ltr'>charitate,</span> <span class='ocrx_word' id='word_1_208' title='bbox 1016 1916 1055 1950; x_wconf 92' lang='lat' dir='ltr'>in</span> <span class='ocrx_word' id='word_1_209' title='bbox 1086 1915 1414 1960; x_wconf 88' lang='lat' dir='ltr'>explicationibus</span> <span class='ocrx_word' id='word_1_210' title='bbox 1444 1915 1493 1950; x_wconf 92' lang='lat' dir='ltr'>ad</span> <span class='ocrx_word' id='word_1_211' title='bbox 1519 1914 1596 1949; x_wconf 91' lang='lat' dir='ltr'>hoc</span> <span class='ocrx_word' id='word_1_212' title='bbox 1622 1921 1662 1949; x_wconf 87' lang='lat' dir='ltr'>et</span> <span class='ocrx_word' id='word_1_213' title='bbox 1690 1914 1740 1948; x_wconf 89' lang='lat' dir='ltr'>ad</span> 
     </span>
     <span class='ocr_line' id='line_1_26' title="bbox 251 1961 1741 2010; baseline -0.003 -11"><span class='ocrx_word' id='word_1_214' title='bbox 251 1975 419 2010; x_wconf 92' lang='lat' dir='ltr'>sequens</span> <span class='ocrx_word' id='word_1_215' title='bbox 445 1970 563 2009; x_wconf 88' lang='lat' dir='ltr'>caput</span> <span class='ocrx_word' id='word_1_216' title='bbox 589 1963 786 2009; x_wconf 89' lang='lat' dir='ltr'>agendum</span> <span class='ocrx_word' id='word_1_217' title='bbox 814 1970 873 1997; x_wconf 89' lang='lat' dir='ltr'>est</span> <span class='ocrx_word' id='word_1_218' title='bbox 899 1963 948 1997; x_wconf 90' lang='lat' dir='ltr'>de</span> <span class='ocrx_word' id='word_1_219' title='bbox 970 1963 1084 1997; x_wconf 92' lang='lat' dir='ltr'>bonis</span> <span class='ocrx_word' id='word_1_220' title='bbox 1102 1962 1317 1997; x_wconf 89' lang='lat' dir='ltr'>charitatis.</span> <span class='ocrx_word' id='word_1_221' title='bbox 1368 1961 1474 2008; x_wconf 70' lang='lat' dir='ltr'>Quid</span> <span class='ocrx_word' id='word_1_222' title='bbox 1493 1962 1597 1996; x_wconf 91' lang='lat' dir='ltr'>bona</span> <span class='ocrx_word' id='word_1_223' title='bbox 1615 1961 1741 1995; x_wconf 90' lang='lat' dir='ltr'>chari-</span> 
     </span>
     <span class='ocr_line' id='line_1_27' title="bbox 250 2008 1740 2055; baseline -0.002 -10"><span class='ocrx_word' id='word_1_224' title='bbox 250 2011 344 2046; x_wconf 88' lang='lat' dir='ltr'>tatis</span> <span class='ocrx_word' id='word_1_225' title='bbox 362 2022 430 2045; x_wconf 90' lang='lat' dir='ltr'>seu</span> <span class='ocrx_word' id='word_1_226' title='bbox 449 2011 553 2045; x_wconf 90' lang='lat' dir='ltr'>bona</span> <span class='ocrx_word' id='word_1_227' title='bbox 571 2021 700 2055; x_wconf 89' lang='lat' dir='ltr'>opera,</span> <span class='ocrx_word' id='word_1_228' title='bbox 720 2010 758 2044; x_wconf 91' lang='lat' dir='ltr'>in</span> <span class='ocrx_word' id='word_1_229' title='bbox 779 2009 1005 2044; x_wconf 89' lang='lat' dir='ltr'>Christiano</span> <span class='ocrx_word' id='word_1_230' title='bbox 1023 2010 1117 2044; x_wconf 90' lang='lat' dir='ltr'>orbe</span> <span class='ocrx_word' id='word_1_231' title='bbox 1135 2009 1254 2043; x_wconf 88' lang='lat' dir='ltr'>hodie</span> <span class='ocrx_word' id='word_1_232' title='bbox 1273 2019 1296 2043; x_wconf 92' lang='lat' dir='ltr'>a</span> <span class='ocrx_word' id='word_1_233' title='bbox 1313 2009 1510 2054; x_wconf 87' lang='lat' dir='ltr'>plerisque</span> <span class='ocrx_word' id='word_1_234' title='bbox 1528 2008 1740 2054; x_wconf 88' lang='lat' dir='ltr'>ignoratur,</span> 
     </span>
     <span class='ocr_line' id='line_1_28' title="bbox 251 2055 1743 2102; baseline -0.003 -9"><span class='ocrx_word' id='word_1_235' title='bbox 251 2069 299 2093; x_wconf 85' lang='lat' dir='ltr'>ex</span> <span class='ocrx_word' id='word_1_236' title='bbox 316 2069 435 2092; x_wconf 90' lang='lat' dir='ltr'>causa</span> <span class='ocrx_word' id='word_1_237' title='bbox 452 2057 545 2102; x_wconf 91' lang='lat' dir='ltr'>quia</span> <span class='ocrx_word' id='word_1_238' title='bbox 562 2057 727 2091; x_wconf 88' lang='lat' dir='ltr'>invaluit</span> <span class='ocrx_word' id='word_1_239' title='bbox 746 2056 882 2101; x_wconf 88' lang='lat' dir='ltr'>religio</span> <span class='ocrx_word' id='word_1_240' title='bbox 901 2057 950 2091; x_wconf 92' lang='lat' dir='ltr'>de</span> <span class='ocrx_word' id='word_1_241' title='bbox 976 2057 1060 2091; x_wconf 91' lang='lat' dir='ltr'>sola</span> <span class='ocrx_word' id='word_1_242' title='bbox 1081 2056 1169 2095; x_wconf 88' lang='lat' dir='ltr'>fide,</span> <span class='ocrx_word' id='word_1_243' title='bbox 1188 2067 1289 2101; x_wconf 88' lang='lat' dir='ltr'>quae</span> <span class='ocrx_word' id='word_1_244' title='bbox 1314 2062 1374 2090; x_wconf 84' lang='lat' dir='ltr'>est</span> <span class='ocrx_word' id='word_1_245' title='bbox 1399 2055 1497 2090; x_wconf 87' lang='lat' dir='ltr'>fides</span> <span class='ocrx_word' id='word_1_246' title='bbox 1523 2061 1702 2100; x_wconf 86' lang='lat' dir='ltr'>separata</span> <span class='ocrx_word' id='word_1_247' title='bbox 1719 2065 1743 2088; x_wconf 87' lang='lat' dir='ltr'>a</span> 
     </span>
     <span class='ocr_line' id='line_1_29' title="bbox 251 2102 1740 2144; baseline -0.003 -5"><span class='ocrx_word' id='word_1_248' title='bbox 251 2105 365 2139; x_wconf 86' lang='lat' dir='ltr'>bonis</span> <span class='ocrx_word' id='word_1_249' title='bbox 390 2104 612 2144; x_wconf 87' lang='lat' dir='ltr'>charitatis;</span> <span class='ocrx_word' id='word_1_250' title='bbox 642 2115 732 2137; x_wconf 89' lang='lat' dir='ltr'>nam</span> <span class='ocrx_word' id='word_1_251' title='bbox 759 2104 790 2138; x_wconf 93' lang='lat' dir='ltr'>si</span> <span class='ocrx_word' id='word_1_252' title='bbox 818 2104 915 2138; x_wconf 91' lang='lat' dir='ltr'>haec</span> <span class='ocrx_word' id='word_1_253' title='bbox 941 2103 1038 2137; x_wconf 90' lang='lat' dir='ltr'>nihil</span> <span class='ocrx_word' id='word_1_254' title='bbox 1064 2103 1113 2137; x_wconf 92' lang='lat' dir='ltr'>ad</span> <span class='ocrx_word' id='word_1_255' title='bbox 1140 2103 1307 2137; x_wconf 91' lang='lat' dir='ltr'>salutem</span> <span class='ocrx_word' id='word_1_256' title='bbox 1334 2102 1493 2142; x_wconf 82' lang='lat' dir='ltr'>faciunt,</span> <span class='ocrx_word' id='word_1_257' title='bbox 1518 2102 1586 2136; x_wconf 90' lang='lat' dir='ltr'>sed</span> <span class='ocrx_word' id='word_1_258' title='bbox 1613 2102 1740 2136; x_wconf 85' lang='lat' dir='ltr'>solum</span> 
     </span>
     <span class='ocr_line' id='line_1_30' title="bbox 252 2148 1740 2195; baseline -0.002 -10"><span class='ocrx_word' id='word_1_259' title='bbox 252 2151 359 2190; x_wconf 84' lang='lat' dir='ltr'>fides,</span> <span class='ocrx_word' id='word_1_260' title='bbox 376 2151 414 2185; x_wconf 92' lang='lat' dir='ltr'>in</span> <span class='ocrx_word' id='word_1_261' title='bbox 426 2151 559 2185; x_wconf 91' lang='lat' dir='ltr'>animo</span> <span class='ocrx_word' id='word_1_262' title='bbox 573 2157 633 2185; x_wconf 89' lang='lat' dir='ltr'>est</span> <span class='ocrx_word' id='word_1_263' title='bbox 646 2151 753 2195; x_wconf 91' lang='lat' dir='ltr'>quod</span> <span class='ocrx_word' id='word_1_264' title='bbox 768 2150 920 2195; x_wconf 81' lang='lat' dir='ltr'>possint</span> <span class='ocrx_word' id='word_1_265' title='bbox 934 2150 1076 2184; x_wconf 88' lang='lat' dir='ltr'>omitti.</span> <span class='ocrx_word' id='word_1_266' title='bbox 1115 2149 1249 2194; x_wconf 86' lang='lat' dir='ltr'>Aliqui</span> <span class='ocrx_word' id='word_1_267' title='bbox 1263 2160 1358 2184; x_wconf 87' lang='lat' dir='ltr'>vero</span> <span class='ocrx_word' id='word_1_268' title='bbox 1372 2149 1439 2194; x_wconf 88' lang='lat' dir='ltr'>qui</span> <span class='ocrx_word' id='word_1_269' title='bbox 1454 2149 1620 2183; x_wconf 91' lang='lat' dir='ltr'>credunt</span> <span class='ocrx_word' id='word_1_270' title='bbox 1633 2148 1740 2193; x_wconf 90' lang='lat' dir='ltr'>quod</span> 
     </span>
     <span class='ocr_line' id='line_1_31' title="bbox 251 2195 1742 2242; baseline -0.003 -10"><span class='ocrx_word' id='word_1_271' title='bbox 251 2199 356 2232; x_wconf 92' lang='lat' dir='ltr'>bona</span> <span class='ocrx_word' id='word_1_272' title='bbox 385 2209 504 2242; x_wconf 89' lang='lat' dir='ltr'>opera</span> <span class='ocrx_word' id='word_1_273' title='bbox 533 2197 713 2232; x_wconf 86' lang='lat' dir='ltr'>facienda</span> <span class='ocrx_word' id='word_1_274' title='bbox 742 2197 831 2236; x_wconf 90' lang='lat' dir='ltr'>sint,</span> <span class='ocrx_word' id='word_1_275' title='bbox 863 2208 942 2231; x_wconf 91' lang='lat' dir='ltr'>non</span> <span class='ocrx_word' id='word_1_276' title='bbox 973 2197 1103 2231; x_wconf 88' lang='lat' dir='ltr'>sciunt</span> <span class='ocrx_word' id='word_1_277' title='bbox 1133 2197 1228 2241; x_wconf 92' lang='lat' dir='ltr'>quid</span> <span class='ocrx_word' id='word_1_278' title='bbox 1259 2197 1363 2230; x_wconf 90' lang='lat' dir='ltr'>bona</span> <span class='ocrx_word' id='word_1_279' title='bbox 1392 2206 1530 2240; x_wconf 88' lang='lat' dir='ltr'>opera;</span> <span class='ocrx_word' id='word_1_280' title='bbox 1564 2195 1742 2240; x_wconf 88' lang='lat' dir='ltr'>cogitant</span> 
     </span>
     <span class='ocr_line' id='line_1_32' title="bbox 252 2241 1740 2290; baseline -0.003 -11"><span class='ocrx_word' id='word_1_281' title='bbox 252 2246 358 2290; x_wconf 92' lang='lat' dir='ltr'>quod</span> <span class='ocrx_word' id='word_1_282' title='bbox 378 2245 482 2279; x_wconf 89' lang='lat' dir='ltr'>bona</span> <span class='ocrx_word' id='word_1_283' title='bbox 499 2255 617 2289; x_wconf 89' lang='lat' dir='ltr'>opera</span> <span class='ocrx_word' id='word_1_284' title='bbox 635 2244 714 2278; x_wconf 91' lang='lat' dir='ltr'>sint</span> <span class='ocrx_word' id='word_1_285' title='bbox 739 2244 868 2278; x_wconf 88' lang='lat' dir='ltr'>solum</span> <span class='ocrx_word' id='word_1_286' title='bbox 894 2244 986 2278; x_wconf 90' lang='lat' dir='ltr'>dare</span> <span class='ocrx_word' id='word_1_287' title='bbox 1006 2243 1252 2288; x_wconf 88' lang='lat' dir='ltr'>pauperibus,</span> <span class='ocrx_word' id='word_1_288' title='bbox 1271 2254 1316 2277; x_wconf 91' lang='lat' dir='ltr'>ac</span> <span class='ocrx_word' id='word_1_289' title='bbox 1344 2242 1570 2277; x_wconf 79' lang='lat' dir='ltr'>benefacere</span> <span class='ocrx_word' id='word_1_290' title='bbox 1596 2241 1740 2287; x_wconf 86' lang='lat' dir='ltr'>egenis,</span> 
     </span>
     <span class='ocr_line' id='line_1_33' title="bbox 251 2288 1741 2336; baseline -0.003 -11"><span class='ocrx_word' id='word_1_291' title='bbox 251 2292 381 2326; x_wconf 90' lang='lat' dir='ltr'>viduis</span> <span class='ocrx_word' id='word_1_292' title='bbox 400 2299 438 2326; x_wconf 89' lang='lat' dir='ltr'>et</span> <span class='ocrx_word' id='word_1_293' title='bbox 452 2291 620 2336; x_wconf 88' lang='lat' dir='ltr'>pupillis,</span> <span class='ocrx_word' id='word_1_294' title='bbox 633 2291 726 2336; x_wconf 90' lang='lat' dir='ltr'>quia</span> <span class='ocrx_word' id='word_1_295' title='bbox 738 2291 833 2325; x_wconf 87' lang='lat' dir='ltr'>talia</span> <span class='ocrx_word' id='word_1_296' title='bbox 846 2290 1102 2325; x_wconf 86' lang='lat' dir='ltr'>nominantur</span> <span class='ocrx_word' id='word_1_297' title='bbox 1115 2296 1154 2324; x_wconf 91' lang='lat' dir='ltr'>et</span> <span class='ocrx_word' id='word_1_298' title='bbox 1172 2290 1273 2324; x_wconf 91' lang='lat' dir='ltr'>sicut</span> <span class='ocrx_word' id='word_1_299' title='bbox 1288 2290 1526 2323; x_wconf 89' lang='lat' dir='ltr'>mandantur</span> <span class='ocrx_word' id='word_1_300' title='bbox 1544 2288 1583 2322; x_wconf 91' lang='lat' dir='ltr'>in</span> <span class='ocrx_word' id='word_1_301' title='bbox 1598 2288 1741 2322; x_wconf 90' lang='lat' dir='ltr'>Verbo.</span> 
     </span>
     <span class='ocr_line' id='line_1_34' title="bbox 253 2334 1741 2384; baseline -0.003 -12"><span class='ocrx_word' id='word_1_302' title='bbox 253 2337 424 2384; x_wconf 72' lang='lat' dir='ltr'>Quidam</span> <span class='ocrx_word' id='word_1_303' title='bbox 437 2339 603 2372; x_wconf 89' lang='lat' dir='ltr'>credunt</span> <span class='ocrx_word' id='word_1_304' title='bbox 618 2338 724 2383; x_wconf 89' lang='lat' dir='ltr'>quod</span> <span class='ocrx_word' id='word_1_305' title='bbox 740 2337 771 2372; x_wconf 88' lang='lat' dir='ltr'>si</span> <span class='ocrx_word' id='word_1_306' title='bbox 790 2337 970 2371; x_wconf 80' lang='lat' dir='ltr'>facienda</span> <span class='ocrx_word' id='word_1_307' title='bbox 983 2337 1062 2371; x_wconf 90' lang='lat' dir='ltr'>sint</span> <span class='ocrx_word' id='word_1_308' title='bbox 1076 2342 1237 2382; x_wconf 91' lang='lat' dir='ltr'>propter</span> <span class='ocrx_word' id='word_1_309' title='bbox 1248 2336 1371 2371; x_wconf 89' lang='lat' dir='ltr'>vitam</span> <span class='ocrx_word' id='word_1_310' title='bbox 1385 2342 1595 2375; x_wconf 87' lang='lat' dir='ltr'>aeternam,</span> <span class='ocrx_word' id='word_1_311' title='bbox 1611 2334 1741 2368; x_wconf 87' lang='lat' dir='ltr'>daturi</span> 
     </span>
     <span class='ocr_line' id='line_1_35' title="bbox 252 2380 1741 2430; baseline -0.003 -11"><span class='ocrx_word' id='word_1_312' title='bbox 252 2386 331 2419; x_wconf 89' lang='lat' dir='ltr'>sint</span> <span class='ocrx_word' id='word_1_313' title='bbox 346 2385 580 2430; x_wconf 88' lang='lat' dir='ltr'>pauperibus</span> <span class='ocrx_word' id='word_1_314' title='bbox 599 2385 733 2418; x_wconf 90' lang='lat' dir='ltr'>omnia</span> <span class='ocrx_word' id='word_1_315' title='bbox 746 2395 846 2429; x_wconf 90' lang='lat' dir='ltr'>quae</span> <span class='ocrx_word' id='word_1_316' title='bbox 865 2384 1078 2429; x_wconf 89' lang='lat' dir='ltr'>possident,</span> <span class='ocrx_word' id='word_1_317' title='bbox 1094 2383 1195 2418; x_wconf 90' lang='lat' dir='ltr'>sicut</span> <span class='ocrx_word' id='word_1_318' title='bbox 1210 2383 1249 2417; x_wconf 91' lang='lat' dir='ltr'>in</span> <span class='ocrx_word' id='word_1_319' title='bbox 1268 2382 1467 2428; x_wconf 88' lang='lat' dir='ltr'>primitiva</span> <span class='ocrx_word' id='word_1_320' title='bbox 1481 2381 1646 2416; x_wconf 85' lang='lat' dir='ltr'>ecclesia</span> <span class='ocrx_word' id='word_1_321' title='bbox 1663 2380 1741 2415; x_wconf 79' lang='lat' dir='ltr'>fac-</span> 
     </span>
     <span class='ocr_line' id='line_1_36' title="bbox 252 2428 1742 2474; baseline -0.003 -8"><span class='ocrx_word' id='word_1_322' title='bbox 252 2438 338 2465; x_wconf 86' lang='lat' dir='ltr'>tum</span> <span class='ocrx_word' id='word_1_323' title='bbox 365 2438 434 2471; x_wconf 90' lang='lat' dir='ltr'>est,</span> <span class='ocrx_word' id='word_1_324' title='bbox 461 2438 501 2466; x_wconf 88' lang='lat' dir='ltr'>et</span> <span class='ocrx_word' id='word_1_325' title='bbox 526 2431 628 2466; x_wconf 89' lang='lat' dir='ltr'>sicut</span> <span class='ocrx_word' id='word_1_326' title='bbox 653 2442 676 2465; x_wconf 89' lang='lat' dir='ltr'>a</span> <span class='ocrx_word' id='word_1_327' title='bbox 703 2431 876 2465; x_wconf 91' lang='lat' dir='ltr'>Domino</span> <span class='ocrx_word' id='word_1_328' title='bbox 903 2430 1133 2465; x_wconf 87' lang='lat' dir='ltr'>mandatum</span> <span class='ocrx_word' id='word_1_329' title='bbox 1160 2436 1220 2464; x_wconf 88' lang='lat' dir='ltr'>est</span> <span class='ocrx_word' id='word_1_330' title='bbox 1246 2429 1370 2469; x_wconf 89' lang='lat' dir='ltr'>diviti,</span> <span class='ocrx_word' id='word_1_331' title='bbox 1396 2429 1503 2474; x_wconf 92' lang='lat' dir='ltr'>quod</span> <span class='ocrx_word' id='word_1_332' title='bbox 1523 2428 1742 2462; x_wconf 83' lang='lat' dir='ltr'>“venderet</span> 
     </span>
     <span class='ocr_line' id='line_1_37' title="bbox 253 2476 1743 2523; baseline -0.003 -11"><span class='ocrx_word' id='word_1_333' title='bbox 253 2478 387 2512; x_wconf 89' lang='lat' dir='ltr'>omnia</span> <span class='ocrx_word' id='word_1_334' title='bbox 398 2489 497 2522; x_wconf 90' lang='lat' dir='ltr'>quae</span> <span class='ocrx_word' id='word_1_335' title='bbox 512 2478 683 2517; x_wconf 87' lang='lat' dir='ltr'>haberet,</span> <span class='ocrx_word' id='word_1_336' title='bbox 695 2484 734 2512; x_wconf 87' lang='lat' dir='ltr'>et</span> <span class='ocrx_word' id='word_1_337' title='bbox 749 2478 859 2512; x_wconf 89' lang='lat' dir='ltr'>daret</span> <span class='ocrx_word' id='word_1_338' title='bbox 873 2477 1119 2522; x_wconf 89' lang='lat' dir='ltr'>pauperibus,</span> <span class='ocrx_word' id='word_1_339' title='bbox 1131 2487 1176 2510; x_wconf 88' lang='lat' dir='ltr'>ac</span> <span class='ocrx_word' id='word_1_340' title='bbox 1189 2476 1332 2510; x_wconf 87' lang='lat' dir='ltr'>tollens</span> <span class='ocrx_word' id='word_1_341' title='bbox 1344 2486 1499 2510; x_wconf 90' lang='lat' dir='ltr'>crucem</span> <span class='ocrx_word' id='word_1_342' title='bbox 1513 2481 1743 2523; x_wconf 84' lang='lat' dir='ltr'>sequeretur</span> 
     </span>
     <span class='ocr_line' id='line_1_38' title="bbox 255 2522 1742 2569; baseline -0.002 -11"><span class='ocrx_word' id='word_1_343' title='bbox 255 2524 388 2569; x_wconf 83' lang='lat' dir='ltr'>Ipsum</span> <span class='ocrx_word' id='word_1_344' title='bbox 401 2525 419 2536; x_wconf 91' lang='lat'>&#39;&#39;</span> <span class='ocrx_word' id='word_1_345' title='bbox 441 2525 617 2569; x_wconf 77' lang='lat' dir='ltr'>[(Mattlz.</span> <span class='ocrx_word' id='word_1_346' title='bbox 636 2524 712 2559; x_wconf 86' lang='lat' dir='ltr'>xix.</span> <span class='ocrx_word' id='word_1_347' title='bbox 732 2524 819 2568; x_wconf 87' lang='lat'>21)].</span> <span class='ocrx_word' id='word_1_348' title='bbox 871 2523 948 2558; x_wconf 85' lang='lat' dir='ltr'>Sed</span> <span class='ocrx_word' id='word_1_349' title='bbox 967 2523 1062 2568; x_wconf 93' lang='lat' dir='ltr'>quid</span> <span class='ocrx_word' id='word_1_350' title='bbox 1081 2524 1185 2558; x_wconf 90' lang='lat' dir='ltr'>bona</span> <span class='ocrx_word' id='word_1_351' title='bbox 1202 2534 1330 2568; x_wconf 88' lang='lat' dir='ltr'>opera,</span> <span class='ocrx_word' id='word_1_352' title='bbox 1350 2533 1450 2568; x_wconf 92' lang='lat' dir='ltr'>quae</span> <span class='ocrx_word' id='word_1_353' title='bbox 1470 2522 1742 2567; x_wconf 85' lang='lat' dir='ltr'>intelliguntur</span> 
     </span>
     <span class='ocr_line' id='line_1_39' title="bbox 253 2571 1125 2616; baseline -0.001 -11"><span class='ocrx_word' id='word_1_354' title='bbox 253 2571 293 2605; x_wconf 90' lang='lat' dir='ltr'>in</span> <span class='ocrx_word' id='word_1_355' title='bbox 311 2571 453 2611; x_wconf 87' lang='lat' dir='ltr'>Verbo,</span> <span class='ocrx_word' id='word_1_356' title='bbox 473 2572 626 2606; x_wconf 90' lang='lat' dir='ltr'>dicetur</span> <span class='ocrx_word' id='word_1_357' title='bbox 643 2571 781 2606; x_wconf 92' lang='lat' dir='ltr'>ordine</span> <span class='ocrx_word' id='word_1_358' title='bbox 800 2571 839 2605; x_wconf 90' lang='lat' dir='ltr'>in</span> <span class='ocrx_word' id='word_1_359' title='bbox 858 2571 1125 2616; x_wconf 89' lang='lat' dir='ltr'>sequentibus.</span> 
     </span>
    </p>
   </div>
   <div class='ocr_carea' id='block_1_9' title="bbox 252 2654 1786 2954">
    <p class='ocr_par' dir='ltr' id='par_1_10' title="bbox 252 2654 1786 2954">
     <span class='ocr_line' id='line_1_40' title="bbox 332 2654 1740 2710; baseline -0.003 -13"><span class='ocrx_word' id='word_1_360' title='bbox 332 2667 464 2709; x_wconf 77' lang='lat'><strong>933.</strong></span> <span class='ocrx_word' id='word_1_361' title='bbox 503 2658 580 2696; x_wconf 80' lang='lat' dir='ltr'>“Ez‘</span> <span class='ocrx_word' id='word_1_362' title='bbox 598 2658 646 2697; x_wconf 83' lang='lat' dir='ltr'>de</span> <span class='ocrx_word' id='word_1_363' title='bbox 675 2656 848 2710; x_wconf 67' lang='lat' dir='ltr'>imagine</span> <span class='ocrx_word' id='word_1_364' title='bbox 878 2656 981 2709; x_wconf 78' lang='lat' dir='ltr'>ejus,</span> <span class='ocrx_word' id='word_1_365' title='bbox 1003 2659 1046 2696; x_wconf 71' lang='lat' dir='ltr'>ei</span> <span class='ocrx_word' id='word_1_366' title='bbox 1073 2656 1121 2695; x_wconf 81' lang='lat' dir='ltr'>de</span> <span class='ocrx_word' id='word_1_367' title='bbox 1144 2655 1392 2695; x_wconf 66' lang='lat' dir='ltr'>charactere</span> <span class='ocrx_word' id='word_1_368' title='bbox 1414 2654 1515 2707; x_wconf 77' lang='lat' dir='ltr'>ejus,</span> <span class='ocrx_word' id='word_1_369' title='bbox 1534 2657 1578 2694; x_wconf 68' lang='lat' dir='ltr'>et</span> <span class='ocrx_word' id='word_1_370' title='bbox 1598 2654 1646 2694; x_wconf 82' lang='lat' dir='ltr'>de</span> <span class='ocrx_word' id='word_1_371' title='bbox 1667 2667 1740 2693; x_wconf 85' lang='lat' dir='ltr'>nu-</span> 
     </span>
     <span class='ocr_line' id='line_1_41' title="bbox 252 2715 1786 2769; baseline -0.001 -14"><span class='ocrx_word' id='word_1_372' title='bbox 252 2729 365 2756; x_wconf 78' lang='lat' dir='ltr'>mer-0</span> <span class='ocrx_word' id='word_1_373' title='bbox 393 2716 559 2756; x_wconf 80' lang='lat' dir='ltr'>nominis</span> <span class='ocrx_word' id='word_1_374' title='bbox 595 2716 922 2769; x_wconf 74' lang='lat' dir='ltr'>ejus.&#39;&#39;—Quod</span> <span class='ocrx_word' id='word_1_375' title='bbox 948 2715 1177 2767; x_wconf 89' lang='lat' dir='ltr'>significet</span> <span class='ocrx_word' id='word_1_376' title='bbox 1199 2715 1335 2767; x_wconf 79' lang='lat' dir='ltr'>etqui</span> <span class='ocrx_word' id='word_1_377' title='bbox 1363 2728 1445 2753; x_wconf 84' lang='lat' dir='ltr'>non</span> <span class='ocrx_word' id='word_1_378' title='bbox 1467 2719 1743 2766; x_wconf 77' lang='lat' dir='ltr'>agnoverunt</span> <span class='ocrx_word' id='word_1_379' title='bbox 1783 2756 1786 2759; x_wconf 72' lang='grc'><em>,</em></span> 
     </span>
     <span class='ocr_line' id='line_1_42' title="bbox 253 2775 1738 2831; baseline -0.002 -14"><span class='ocrx_word' id='word_1_380' title='bbox 253 2778 497 2817; x_wconf 70' lang='grc' dir='ltr'>ἅοὲἳνὶηαηι</span> <span class='ocrx_word' id='word_1_381' title='bbox 507 2778 624 2831; x_wconf 81' lang='lat' dir='ltr'>fidei</span> <span class='ocrx_word' id='word_1_382' title='bbox 651 2784 888 2829; x_wconf 75' lang='lat' dir='ltr'>separatae</span> <span class='ocrx_word' id='word_1_383' title='bbox 917 2792 944 2817; x_wconf 89' lang='lat' dir='ltr'>a</span> <span class='ocrx_word' id='word_1_384' title='bbox 975 2777 1194 2816; x_wconf 80' lang='lat' dir='ltr'>clzarz&#39;tate</span> <span class='ocrx_word' id='word_1_385' title='bbox 1223 2783 1265 2816; x_wconf 86' lang='lat' dir='ltr'>et</span> <span class='ocrx_word' id='word_1_386' title='bbox 1288 2775 1465 2828; x_wconf 72' lang='lat' dir='ltr'>aliquid</span> <span class='ocrx_word' id='word_1_387' title='bbox 1485 2775 1611 2828; x_wconf 81' lang='lat' dir='ltr'>quale</span> <span class='ocrx_word' id='word_1_388' title='bbox 1634 2775 1738 2828; x_wconf 67' lang='lat' dir='ltr'>ejus,</span> 
     </span>
     <span class='ocr_line' id='line_1_43' title="bbox 253 2836 1742 2892; baseline -0.002 -12"><span class='ocrx_word' id='word_1_389' title='bbox 253 2846 434 2880; x_wconf 89' lang='lat' dir='ltr'>constat</span> <span class='ocrx_word' id='word_1_390' title='bbox 471 2854 529 2879; x_wconf 79' lang='lat' dir='ltr'>ex</span> <span class='ocrx_word' id='word_1_391' title='bbox 572 2840 898 2892; x_wconf 89' lang='lat' dir='ltr'>significatione</span> <span class='ocrx_word' id='word_1_392' title='bbox 944 2838 1192 2887; x_wconf 88' lang='lat' dir='ltr'>“bestiae,&#39;&#39;</span> <span class='ocrx_word' id='word_1_393' title='bbox 1218 2839 1273 2878; x_wconf 91' lang='lat' dir='ltr'>de</span> <span class='ocrx_word' id='word_1_394' title='bbox 1315 2837 1436 2890; x_wconf 89' lang='lat' dir='ltr'>cujus</span> <span class='ocrx_word' id='word_1_395' title='bbox 1470 2836 1742 2890; x_wconf 88' lang='lat' dir='ltr'>“imagine,&#39;&#39;</span> 
     </span>
     <span class='ocr_line' id='line_1_44' title="bbox 257 2900 1741 2954; baseline -0.001 -12"><span class='ocrx_word' id='word_1_396' title='bbox 257 2900 589 2950; x_wconf 51' lang='lat' dir='ltr'>“charactere”</span> <span class='ocrx_word' id='word_1_397' title='bbox 623 2909 667 2943; x_wconf 88' lang='lat' dir='ltr'>et</span> <span class='ocrx_word' id='word_1_398' title='bbox 703 2906 929 2943; x_wconf 86' lang='lat' dir='ltr'>“numero</span> <span class='ocrx_word' id='word_1_399' title='bbox 961 2901 1183 2943; x_wconf 86' lang='lat' dir='ltr'>nominis&#39;&#39;</span> <span class='ocrx_word' id='word_1_400' title='bbox 1214 2901 1284 2942; x_wconf 89' lang='lat' dir='ltr'>hic</span> <span class='ocrx_word' id='word_1_401' title='bbox 1322 2901 1495 2950; x_wconf 89' lang='lat' dir='ltr'>dicitur,</span> <span class='ocrx_word' id='word_1_402' title='bbox 1529 2901 1648 2954; x_wconf 92' lang='lat' dir='ltr'>quod</span> <span class='ocrx_word' id='word_1_403' title='bbox 1684 2901 1741 2941; x_wconf 89' lang='lat' dir='ltr'>sit</span> 
     </span>
    </p>
   </div>
  </div>
 </body>
</html>
