1962 3328
616 272 720 305 CAP.
743 271 857 312 XVI„
881 271 1018 304 VERS.
1045 272 1212 315 13.—N.
1234 264 1330 316 998.
1603 272 1707 317 2571

228 381 435 424 doctrina
452 397 476 424 e
491 382 646 424 Verbo
663 384 823 431 sciunt,
840 383 1220 437 intelligentiores
1237 390 1283 425 et
1302 384 1600 436 sapientiores
1616 383 1715 424 aliis

228 445 320 486 sint
337 459 347 494 ;
374 445 453 486 sed
472 459 608 498 usque
627 459 715 486 non
734 445 821 486 illis
845 445 944 499 plus
961 446 1292 499 intelligentiae
1311 453 1356 486 et
1376 447 1626 498 sapientiae
1643 451 1714 486 est

230 520 364 559 quam
382 508 627 548 secundum
646 508 924 561 spiritualem
947 508 1160 556 calorem,
1179 509 1265 549 hoc
1289 515 1374 556 est,
1394 509 1561 549 bonum
1584 521 1712 548 amo-

230 569 289 629 ris
305 569 422 622 apud
441 569 542 610 illos
559 583 568 619 3
592 570 838 610 secundum
856 570 941 614 hoc
960 571 1079 611 enim
1096 571 1288 611 facultas
1306 570 1590 623 intelligendi
1609 583 1714 610 vera

228 632 425 684 aperitur
449 637 496 672 et
522 630 783 680 vivificatur,
806 633 885 673 sed
908 633 1068 673 eadem
1090 633 1283 674 facultas
1306 647 1384 686 per
1406 632 1526 673 mala
1547 633 1713 672 amoris

227 692 392 744 proprii
423 693 548 745 quasi
579 693 750 745 tegitur
779 699 826 733 et
863 693 1143 734 obliteratur.
1218 693 1352 746 Quod
1385 700 1540 734 tamen
1573 707 1712 746 usque

227 751 418 792 facultas
439 751 758 793 intellectualis
781 754 839 794 sit
861 753 962 802 illis,
982 762 1209 808 utcunque
1233 752 1355 795 tec'ta
1377 761 1423 794 et
1449 753 1710 801 obliterata,

227 813 404 866 saepius
440 814 588 854 audivi
618 820 839 854 testatum
876 828 954 867 per
990 816 1346 868 experientiam;
1385 812 1492 855 nam
1530 816 1712 868 spiritus

228 873 303 926 qui
327 886 506 926 prorsus
532 875 574 914 in
606 874 728 914 falsis
753 889 812 915 ex
845 875 967 915 malo
992 876 1184 923 fuerunt,
1211 883 1257 916 et
1290 877 1426 916 corde
1458 890 1538 916 suo
1570 889 1711 928 nega-

227 940 389 975 verunt
432 934 644 975 Divinum
683 935 901 976 influxum
947 937 990 976 in
1036 938 1187 976 omnia
1227 935 1486 977 intellectus
1526 938 1618 977 veri
1658 950 1710 977 ac

226 994 477 1036 voluntatis
490 996 611 1044 boni,
626 996 690 1036 ita
706 996 915 1036 Divinam
930 998 1275 1050 providentiam,
1293 1004 1339 1038 et
1354 998 1458 1038 inde
1472 997 1710 1038 confirma-

227 1063 388 1096 verunt
410 1057 527 1108 apud
550 1070 597 1096 se
619 1057 738 1110 quod
760 1059 910 1098 omnia
929 1058 1129 1098 Naturae
1151 1065 1197 1099 et
1221 1060 1425 1112 propriae
1444 1059 1711 1112 prudentiae

227 1114 369 1164 1¹1sint‚
402 1117 465 1156 illi
497 1117 682 1157 tametsi
713 1125 866 1159 essent
898 1120 1024 1172 quasi
1060 1120 1104 1159 in
1136 1120 1259 1159 nulla
1290 1120 1509 1160 facultate
1540 1119 1710 1160 intelli-

226 1177 364 1230 gendi
395 1191 500 1218 vera
531 1179 636 1219 dum
667 1179 786 1232 apud
823 1193 871 1219 se
907 1181 1225 1232 cogitaverunt
1257 1180 1348 1228 illa,
1382 1195 1520 1234 usque
1553 1187 1709 1221 tamen

226 1251 328 1278 cum
345 1238 610 1280 audiverunt
632 1240 689 1280 ab
705 1239 803 1280 aliis
821 1240 940 1293 quod
959 1240 1171 1281 Divinum
1189 1242 1246 1282 sit
1266 1255 1414 1288 omne,
1431 1255 1482 1282 ac
1502 1242 1710 1282 naturale

228 1298 339 1338 nihil
370 1298 632 1352 respective.
661 1301 743 1340 nisi
774 1302 889 1341 sicut
916 1308 985 1341 est
1018 1302 1176 1342 artifici
1207 1303 1573 1349 instrumentum,
1601 1309 1708 1343 tunc

226 1366 321 1400 tam
347 1359 466 1400 clare
490 1359 567 1400 illa
592 1361 918 1402 intellexerunt
941 1363 1055 1403 sicut
1082 1362 1145 1403 illi
1171 1364 1244 1416 qui
1270 1364 1519 1404 docuerunt
1546 1363 1637 1411 illa,
1662 1371 1709 1404 et

226 1421 343 1461 sicut
368 1420 442 1460 alii
473 1421 546 1474 qui
577 1422 620 1461 in
652 1421 731 1462 illo
761 1421 927 1463 Divino
952 1423 1075 1464 Vero
1106 1438 1154 1465 se
1186 1424 1592 1474 confirmaverunt3
1630 1425 1709 1465 sed

226 1478 427 1522 aetutum
459 1487 508 1521 ut
539 1489 800 1523 averterunt
831 1497 997 1531 aurem,
1031 1484 1145 1537 lapsi
1176 1491 1281 1525 sunt
1312 1486 1356 1525 in
1389 1486 1628 1533 contraria,
1663 1492 1709 1526 et

226 1554 316 1581 non
342 1541 668 1582 intellexerunt
694 1542 784 1591 illa,
809 1557 867 1584 ex
894 1557 1029 1584 causa
1054 1547 1157 1598 quia
1183 1547 1461 1587 obtexerunt
1487 1546 1564 1586 illa
1586 1546 1710 1586 falsis

225 1615 285 1642 ex
317 1601 746 1643 confirmationibus.
809 1604 919 1645 Inde
957 1607 1103 1658 patuit
1142 1607 1261 1659 quod
1299 1607 1417 1660 apud
1455 1620 1613 1647 omnes
1650 1608 1708 1647 sit

225 1661 415 1703 facultas
440 1663 724 1716 intelligendi
749 1678 918 1712 verum,
947 1679 1024 1706 seu
1050 1668 1292 1720 recipiendi
1320 1667 1465 1708 lucem
1492 1682 1516 1708 e
1548 1667 1704 1716 caelo;

225 1723 305 1763 sed
331 1737 469 1776 usque
494 1726 614 1777 quod
640 1731 819 1765 tantum
846 1718 1063 1779 recipiant
1087 1735 1304 1780 quantum
1331 1730 1375 1768 in
1401 1729 1522 1769 bono
1543 1729 1709 1769 amoris

224 1797 303 1836 per
323 1785 464 1824 vitam
487 1791 616 1825 sunt:
644 1785 847 1826 similiter
868 1794 916 1827 ut
939 1787 1111 1835 hortus,
1136 1790 1208 1841 qui
1235 1789 1380 1830 lucem
1403 1804 1427 1830 e
1449 1790 1545 1830 sole
1566 1803 1708 1843 aeque

223 1845 371 1887 hieme
396 1860 529 1900 quam
556 1854 734 1888 aestate
760 1849 978 1897 admittit,
1006 1851 1086 1890 sed
1112 1852 1231 1904 quod
1258 1865 1398 1905 usque
1424 1859 1603 1894 tantum
1627 1854 1708 1894 flo-

225 1914 323 1948 reat
359 1915 405 1949 et
441 1907 675 1950 sru&ificet
708 1918 925 1963 quantum
958 1913 1088 1952 simul
1120 1927 1144 1954 e
1175 1914 1271 1954 sole
1302 1916 1460 1968 recipit
1492 1916 1705 1964 calorem,

225 1969 344 2022 quod
370 1969 420 2010 fit
442 1969 548 2010 dum
573 1969 637 2010 illi
663 1985 739 2012 ver
764 1978 810 2012 et
836 1979 987 2013 aestas
1014 1980 1098 2014 est.

226 2055 404 2079 (caucinum
414 2055 445 2077 de
453 2056 530 2077 Sexto
539 2057 695 2083 Praecepto.)

297 2091 460 2126 Homini
486 2100 598 2128 tanta
622 2102 663 2129 et
691 2095 781 2131 talis
808 2096 1069 2142 intelligentia
1093 2104 1133 2132 et
1158 2098 1352 2143 sapientia
1377 2107 1437 2135 est
1466 2108 1638 2146 quantus
1668 2109 1709 2137 et

224 2138 350 2184 qualis
367 2147 428 2174 est
444 2150 555 2174 amor
571 2141 805 2188 conjugialis
822 2144 926 2188 apud
955 2144 1076 2178 illum.
1126 2144 1254 2180 Causa
1279 2153 1350 2185 est,
1369 2147 1461 2191 quia
1485 2159 1598 2184 amor
1614 2160 1709 2184 con-

224 2185 380 2231 jugialis
397 2187 601 2222 descendit
619 2198 667 2222 ex
684 2199 819 2225 amore
836 2190 928 2224 boni
948 2197 988 2224 et
1006 2191 1099 2230 veri,
1119 2192 1220 2226 sicut
1246 2192 1410 2228 effectus
1435 2205 1459 2228 a
1484 2206 1554 2230 sua
1579 2206 1708 2234 causa,

224 2238 294 2266 aut
310 2232 413 2267 sicut
430 2234 607 2268 naturale
627 2245 650 2269 a
675 2246 747 2270 suo
772 2237 984 2281 spirituali:
1010 2244 1050 2272 et
1075 2249 1124 2273 ex
1149 2240 1337 2284 conjugio
1363 2241 1455 2275 boni
1482 2250 1522 2276 et
1540 2244 1620 2277 veri
1647 2251 1708 2277 est

225 2279 355 2313 omnis
381 2279 639 2326 intelligentia
664 2289 704 2316 et
729 2284 922 2328 sapientia
946 2285 1065 2318 etiam
1091 2286 1240 2331 angelis
1259 2287 1377 2320 trium
1404 2289 1622 2328 caelorum2
1648 2298 1708 2324 est

219 2325 332 2360 -enim
351 2326 610 2372 intelligentia
626 2335 666 2362 et
680 2329 872 2374 sapientia
883 2331 980 2365 nihil
999 2331 1104 2365 aliud
1118 2343 1235 2377 quam
1251 2334 1426 2379 receptio
1442 2335 1538 2369 lucis
1549 2343 1589 2370 et
1600 2337 1704 2371 calo-

225 2371 277 2406 ris
291 2382 339 2406 ex
355 2372 528 2408 Domino
545 2382 588 2408 ut
607 2374 708 2415 Sole,
726 2376 800 2415 hoc
817 2384 887 2416 est,
903 2378 1077 2422 receptio
1092 2379 1223 2414 Divini
1238 2380 1330 2414 Veri
1343 2381 1544 2426 conjuncti
1562 2382 1708 2418 Divino

227 2417 351 2458 Bono,
360 2426 406 2462 ,et
425 2419 557 2455 Divini
574 2420 674 2456 Boni
693 2422 895 2468 conjuncti
915 2423 1061 2459 Divino
1073 2425 1196 2465 Vero;
1224 2427 1278 2461 ita
1292 2435 1351 2461 est
1369 2429 1597 2474 conjugium
1613 2430 1707 2464 boni

224 2471 266 2499 et
278 2465 359 2500 veri
374 2477 397 2501 a
413 2466 595 2502 Domino.
645 2467 762 2514 Quod
779 2470 833 2504 ita
850 2471 911 2507 sit.
927 2471 1133 2506 manifeste
1146 2474 1327 2518 apparuit
1341 2475 1389 2508 ab
1403 2476 1552 2520 angelis
1567 2476 1605 2510 in
1621 2487 1708 2512 cae-

224 2511 292 2546 lis:
307 2511 362 2551 illi
376 2514 544 2558 separati
555 2525 578 2548 a
589 2515 670 2550 suis
681 2517 914 2562 conjugibus
928 2527 1020 2552 sunt
1031 2519 1190 2564 quidem
1207 2521 1243 2553 in
1261 2521 1529 2567 intelligentia,
1542 2524 1610 2558 sed
1627 2535 1706 2558 non

205 2557 264 2592 'in
290 2559 500 2604 sapientia:
530 2568 570 2595 at
595 2572 683 2596 cum
710 2564 813 2608 apud
844 2565 1033 2610 conjuges
1058 2577 1151 2600 suos
1181 2574 1284 2604 sunt.
1303 2568 1421 2602 etiam
1450 2569 1486 2603 in
1514 2570 1708 2614 sapientia

224 2611 336 2640 sunt:
361 2613 401 2640 et
430 2607 536 2651 quod
564 2609 726 2644 miratus
755 2621 853 2649 sum,
872 2611 972 2645 sicut
1002 2620 1239 2647 convertunt
1265 2614 1382 2649 facies
1407 2616 1456 2650 ad
1484 2618 1706 2662 conjugem.

224 2657 379 2686 tantum
398 2653 436 2687 in
455 2661 559 2688 statu
578 2655 793 2700 sapientiae
818 2665 920 2697 sunt,
940 2669 1029 2692 nam
1056 2659 1285 2704 conjunc'tio
1303 2662 1383 2696 veri
1410 2669 1451 2696 et
1475 2664 1568 2698 boni
1596 2664 1640 2698 fit
1667 2665 1705 2698 in

226 2699 375 2734 mundo
392 2700 583 2744 spirituali
606 2713 674 2746 per
689 2701 903 2748 aspeftum.
922 2712 962 2739 et
983 2716 1082 2739 uxor
1101 2706 1151 2740 ibi
1174 2714 1234 2741 est
1254 2708 1414 2747 bonum,
1433 2717 1472 2744 et
1490 2710 1550 2744 vir
1568 2711 1619 2745 ibi
1646 2719 1707 2746 est

224 2754 380 2780 verum:
412 2757 532 2791 quare
556 2748 658 2783 sicut
683 2761 818 2784 verum
848 2761 890 2785 se
916 2753 1113 2786 convertit
1142 2754 1191 2787 ad
1220 2755 1379 2794 bonum,
1407 2756 1461 2791 ita
1486 2757 1707 2792 vivificatur

225 2801 372 2827 verum.
423 2793 499 2828 Per
516 2794 813 2841 intelligentiam
833 2805 872 2832 et
890 2799 1123 2843 sapientiam
1143 2811 1221 2834 non
1245 2801 1475 2847 intelligitur
1494 2804 1706 2848 ingeniosi-

225 2843 286 2871 tas
303 2838 562 2875 ratiocinandi
581 2842 630 2876 de
647 2843 748 2877 veris
766 2851 806 2877 et
821 2845 945 2883 bonis,
961 2846 1029 2879 sed
1049 2845 1213 2881 facultas
1224 2848 1384 2884 videndi
1400 2857 1439 2884 et
1459 2850 1703 2898 intelligendi

225 2893 317 2920 vera
333 2892 373 2921 et
390 2886 503 2927 bona,
518 2898 618 2933 quae
636 2888 799 2925 facultas
817 2898 876 2925 est
895 2891 1044 2926 homini
1063 2903 1086 2927 a
1105 2892 1290 2930 Domino.
