1962 3328
626 270 732 303 CAP.
756 270 872 310 XVI„
895 269 1032 302 VERS.
1055 269 1202 312 4.—N.
1225 260 1320 314 969.
1600 271 1709 314 2537

230 384 344 429 plura
360 382 437 418 alia
462 389 555 418 sunt
580 382 693 422 furta,
720 393 743 417 a
767 382 910 428 quibus
935 381 1226 421 abstinendum,
1252 387 1293 416 et
1317 392 1418 426 quae
1444 380 1642 426 fugienda,
1669 389 1709 416 et

228 430 390 465 tandem
408 430 625 464 aversanda
641 429 743 464 sicut
761 436 922 474 peccata
938 435 1078 463 contra
1095 428 1235 466 Deum,
1254 428 1346 473 quia
1363 435 1501 462 contra
1515 428 1621 473 leges
1642 428 1710 462 Di-

228 477 342 512 vinas
358 487 459 521 quae
478 477 517 510 in
536 476 678 515 Verbo,
697 483 737 510 et
761 482 900 510 contra
916 475 1018 509 hanc
1043 475 1182 520 legem,
1200 486 1301 520 quae
1327 482 1387 509 est
1405 485 1483 508 una
1502 475 1605 509 inter
1623 474 1709 508 fun-

227 523 474 558 damentales
499 523 604 568 leges
629 523 807 557 omnium
833 519 1067 567 religionum
1095 522 1134 555 in
1161 522 1346 556 universo
1375 529 1566 556 terrarum
1593 522 1709 560 orbe:

229 570 365 604 decem
385 569 489 604 enim
517 570 583 604 illa
599 577 807 614 praecepta
833 576 925 603 sunt
950 569 1196 607 universalia,
1223 569 1316 603 data
1342 575 1503 621 propter
1521 568 1639 602 finem
1666 576 1710 602 ut

207 652 213 659 ,
229 617 353 651 homo
370 627 419 651 ex
437 616 627 662 religione
644 616 761 655 vivat,
781 616 874 650 dum
890 627 937 650 ex
965 616 1060 655 illis;
1085 627 1154 660 per
1170 615 1294 649 vitam
1320 626 1425 650 enim
1452 626 1500 649 ex
1519 615 1709 660 religione

215 661 352 698 'homo
376 663 633 708 conjungitur
656 663 777 702 caelo,
795 670 837 697 at
863 673 933 707 per
954 662 1077 696 vitam
1104 662 1259 696 illorum
1286 673 1335 696 ex
1360 662 1587 696 obedientia
1612 662 1710 707 legis

229 709 356 744 civilis
389 716 430 744 et
463 710 622 744 moralis
650 709 906 755 conjungitur
933 710 1084 743 mundo
1110 716 1150 743 et
1180 720 1260 743 non
1288 709 1417 749 caelo;
1447 719 1492 743 ac
1519 709 1709 754 conjungi

211 768 215 771 ·
230 757 380 792 mundo
397 763 438 791 et
455 767 534 791 non
549 756 659 791 caelo
672 764 733 791 est
750 756 939 802 conjungi
959 755 1123 790 inferno.

853 921 990 945 vssksus
1010 922 1086 953 4-7.

306 981 447 1033 ⁹⁶8·
485 995 546 1022 “ft
562 995 669 1022 tertius
686 995 808 1028 angelus
822 995 926 1027 affudit
937 996 1064 1027 phialam
1083 1003 1165 1022 suam
1184 996 1214 1021 in
1227 995 1335 1028 fluctos
1350 997 1382 1021 et
1398 996 1429 1021 in
1443 995 1546 1027 fontes
1559 1003 1708 1027 aquarum,

228 1034 260 1060 et
269 1032 373 1065 factu,
387 1037 435 1061 est
447 1036 576 1068 sanquis.
613 1036 648 1062 ft
659 1036 758 1062 audivi
770 1037 902 1068 anqelum
916 1043 1055 1068 aquarum
1070 1037 1220 1066 dicentem,
1234 1037 1346 1065 dustus.
1362 1035 1484 1065 Domine,
1501 1043 1543 1066 es,
1559 1036 1609 1068 qui
1619 1038 1667 1062 eet
1680 1038 1711 1061 et

228 1073 278 1105 qut
290 1071 398 1103 [derat.
409 1075 439 1099 et
450 1076 579 1104 sanetus.
590 1075 658 1106 quia
670 1074 742 1100 haec
749 1074 899 1106 judicasti.
936 1074 1005 1106 Ouia
1018 1075 1186 1106 sanquinem
1198 1076 1364 1100 sanctorum
1376 1077 1407 1100 et
1419 1074 1624 1105 prophetarum
1637 1073 1710 1106 effu-

228 1113 342 1142 derunt,
357 1113 389 1137 et
401 1112 569 1144 sanquinem
584 1113 629 1138 ele
643 1113 752 1138 dedisti
767 1113 864 1138 bibere
871 1121 883 1142 ,·
901 1113 982 1144 atym·
995 1112 1070 1138 enim
1085 1114 1162 1138 sunt.
1200 1112 1235 1138 ft
1248 1113 1347 1138 audivi
1361 1113 1448 1138 alium
1463 1119 1499 1138 ex
1513 1112 1603 1138 attari
1612 1112 1711 1138 dit-en-

228 1151 296 1181 tem,
312 1149 405 1176 Εΐίωη
420 1149 535 1176 Domine
550 1149 624 1175 Deus
638 1150 826 1181 omnipotens,
843 1157 911 1175 vem
925 1151 956 1176 et
964 1150 1049 1182 sustu
1061 1150 1172 1182 judlcia
1186 1150 1270 1176 tua.''

271 1231 305 1262 4.
338 1221 401 1255 Ἐἰ
414 1221 539 1255 tertius
554 1222 697 1264 angelus
709 1221 829 1255 effudit
839 1221 988 1264 phialam
1000 1232 1100 1255 suam
1112 1222 1146 1255 in
1157 1223 1202 1255 liu
1208 1221 1279 1256 rios
1296 1225 1332 1255 et
1345 1223 1378 1256 in
1393 1224 1505 1256 fontes
1516 1223 1712 1266 aquarum?

403 1265 563 1307 significat
578 1271 701 1297 statum
719 1267 864 1297 ecclesiae
886 1268 1134 1309 manfistatum
1158 1268 1271 1308 quoad
1279 1268 1480 1309 facultatem
1505 1268 1715 1308 intelligendi

403 1321 486 1341 vera
511 1310 606 1341 Verbi
623 1310 673 1352 [n.
686 1309 769 1352 969]
782 1322 792 1348 ;
819 1313 875 1343 “et
890 1312 1004 1344 factus
1020 1314 1077 1344 est
1089 1310 1259 1354 sanquis?
1271 1310 1431 1352 significat
1445 1313 1535 1353 qued
1546 1313 1712 1353 deperdita

402 1354 447 1385 sit
458 1354 700 1396 exsabsficatis
718 1354 768 1397 [n.
786 1354 883 1396 97o].

272 1421 303 1458 5.
336 1416 399 1450 “Et
410 1416 528 1450 audiri
540 1417 698 1459 angelum
713 1427 879 1460 aquarum
896 1417 1091 1456 dicentem?
1102 1417 1261 1459 significat
1269 1419 1552 1460 praedicationem
1558 1419 1714 1461 justitiae

403 1461 549 1493 Domini
568 1472 586 1492 e
607 1472 707 1503 regno
726 1463 836 1503 Ipsius
851 1463 1024 1503 spirituali
1044 1463 1094 1505 [n.
1112 1462 1215 1504 971];
1246 1463 1399 1498 '‘du-stus.
1421 1462 1567 1500 Domine,
1587 1473 1635 1500 es.
1655 1463 1717 1506 qui

404 1507 461 1538 δεῖ
474 1507 510 1538 ei
523 1504 583 1548 qui
596 1506 699 1542 emis
710 1505 869 1546 significat
884 1507 1072 1537 Dominum
1088 1508 1200 1548 quoad
1212 1507 1385 1538 Divinum
1402 1507 1538 1538 Bonum
1554 1507 1595 1538 ab
1611 1513 1711 1538 aeter-

404 1559 448 1580 no
466 1549 516 1592 [n.
530 1548 614 1591 972]
627 1561 636 1587 ;
663 1552 719 1582 “et
728 1551 899 1585 sanctus!
910 1550 1069 1591 significat
1080 1552 1193 1592 quoad
1205 1551 1381 1582 Divinum
1404 1551 1523 1582 Verum
1543 1551 1593 1593 [n.
1607 1559 1648 1591 97
1651 1551 1710 1593 3];

405 1592 504 1636 ’quia
519 1593 605 1626 haec
612 1593 808 1636 jmiicasti,'⁷
822 1594 982 1635 significat
1004 1606 1025 1625 a
1047 1606 1112 1636 quo
1118 1596 1316 1636 praevisum
1332 1596 1421 1636 quod
1440 1595 1520 1626 haec
1529 1596 1668 1637 fierent,
1684 1600 1716 1626 et

396 1638 571 1678 provisum
588 1648 629 1668 ne
642 1639 806 1669 damnum
822 1639 990 1680 inferrent
1003 1640 1109 1677 caelis,
1125 1639 1187 1680 qui
1200 1640 1238 1670 in
1253 1639 1388 1670 Divino
1403 1639 1499 1670 Bono
1514 1645 1543 1670 et
1558 1641 1595 1671 in
1608 1639 1712 1671 Divi-

404 1691 448 1712 no
472 1682 552 1712 Vero
565 1687 646 1712 sunt
662 1682 713 1724 [n.
729 1681 828 1724 974].

273 1742 305 1775 6.
337 1742 442 1780 -Quia
464 1743 664 1786 sanguinem
679 1747 876 1778 sanctorum
896 1747 932 1778 ei
949 1745 1191 1788 prophetarum
1216 1746 1435 1783 effuderunt?
1450 1745 1610 1787 significat
1631 1747 1713 1788 quia

403 1799 486 1820 vera
513 1789 608 1819 Verbi
624 1793 655 1819 et
670 1790 842 1820 doeln'nae
863 1801 879 1820 e
904 1790 1001 1821 Verbo
1005 1791 1284 1833 falsificaverunt
1299 1791 1349 1833 [u.
1367 1790 1470 1832 975];
1501 1793 1557 1823 “et
1570 1791 1712 1833 sanqui-

403 1841 480 1865 nem
504 1832 557 1865 eis
579 1831 707 1865 dedisti
725 1833 867 1870 bibere,''
889 1833 1049 1874 significat
1071 1835 1161 1876 quod
1180 1836 1257 1866 inde
1283 1836 1338 1866 illi
1363 1836 1399 1866 in
1414 1835 1519 1877 falsis
1541 1836 1626 1866 mali
1645 1836 1715 1866 sint

407 1876 458 1918 [n.
471 1875 558 1962 ]976]
571 1887 581 1915 ;
611 1876 725 1920 “digni
738 1877 824 1910 em'm
840 1878 949 1915 sunt:⁷
964 1878 1124 1919 significat
1139 1879 1305 1921 quodfiat
1322 1880 1390 1910 illis
1403 1881 1489 1911 sicut
1494 1879 1640 1921 faciunt
1659 1879 1711 1922 [n.

274 1988 305 2023 7.
339 1981 402 2015 'ff
421 1982 540 2016 audiri
558 1982 662 2016 alium
686 1993 727 2017 ex
750 1983 856 2017 σΙΐαΓῘ
875 1984 1068 2022 όίσεηίθιη,”
1086 1985 1246 2026 significat
1261 1987 1544 2027 praedicationem
1557 1987 1714 2029 justitiae

403 2027 551 2058 Domini
569 2038 586 2058 e
607 2039 707 2069 reg-no
723 2029 831 2069 Ipsius
848 2030 975 2060 caelesti
998 2030 1049 2072 [n.
1066 2029 1170 2072 978];
1199 2030 1329 2062 “Etiam
1346 2030 1482 2063 Domine
1498 2031 1589 2064 Deus
1606 2031 1712 2063 omni-

401 2073 534 2114 potens,
554 2081 634 2104 vera
658 2075 694 2105 et
706 2073 807 2115 justa
822 2072 954 2115 judicia
978 2074 1064 2110 tuuf
1080 2074 1239 2114 significat
1254 2075 1343 2116 quod
1362 2075 1442 2105 lmec
1451 2075 1559 2116 fiant,
1575 2076 1655 2116 quia
1671 2086 1714 2105 ex

403 2115 538 2146 Divino
554 2116 649 2147 Bono
664 2127 703 2147 ac
717 2117 851 2148 Divino
873 2117 951 2148 Vero
965 2118 1079 2149 omnia
1093 2124 1183 2156 sunt,
1199 2119 1335 2156 vivunt,
1350 2124 1380 2150 et
1386 2124 1527 2160 possunt
1545 2119 1595 2161 [n.
1612 2118 1711 2161 979].

309 2208 452 2259 969.
473 2218 578 2256 [νινε.
594 2219 638 2257 4.]
660 2210 738 2249 “ft
750 2210 895 2250 tet-{ius
914 2212 1086 2264 angelus
1104 2212 1246 2252 effudit
1252 2212 1427 2264 phialam
1446 2226 1563 2252 suam
1582 2213 1621 2252 in
1636 2214 1709 2253 iiu-

234 2266 315 2307 vios
333 2271 378 2307 et
393 2268 432 2307 in
453 2268 587 2308 fontes
610 2269 1042 2323 aquarum.”—Quod
1071 2271 1295 2323 significet
1322 2279 1488 2312 statum
1510 2273 1713 2313 ecclesiae

230 2328 562 2380 manifestatum
584 2330 730 2382 quoad
733 2331 996 2382 facultatem
1017 2332 1292 2385 intellzgrendi
1307 2347 1412 2372 vera
1441 2333 1581 2380 Verbi,
1602 2347 1710 2374 con-

231 2396 323 2430 stat
346 2404 403 2431 ex
426 2391 751 2443 significatione
770 2394 957 2446 “angeli
974 2394 1240 2435 effundentis
1259 2395 1493 2447 phialam,”
1511 2397 1629 2448 quod
1652 2398 1710 2437 sit

231 2456 380 2490 status
410 2452 630 2492 ecclesiae
665 2454 982 2495 manifestatus
1016 2466 1066 2502 (ut
1084 2475 1188 2503 supra.
1209 2476 1239 2495 n.
1255 2456 1349 2507 960.
1369 2456 1463 2507 961,
1484 2457 1608 2508 965):
1650 2471 1710 2498 ex

232 2511 557 2564 significatione
586 2513 892 2563 “fluviorum‚”
918 2517 1036 2568 quod
1063 2517 1151 2556 sint
1182 2517 1289 2557 talia
1314 2531 1425 2569 quae
1451 2517 1710 2570 intelligen-

232 2573 322 2612 tiae
343 2580 462 2621 sunt,
481 2580 527 2614 et
549 2574 653 2614 inde
674 2588 788 2628 quae
805 2575 1035 2617 facultatis
1052 2577 1342 2629 intelligendi
1367 2588 1421 2623 (de
1440 2597 1513 2625 qua,
1530 2598 1561 2618 n.
1585 2580 1680 2630 518)
1699 2595 1708 2629 ;

233 2638 279 2673 et
293 2646 352 2672 ex
366 2634 690 2686 significatione
708 2641 732 2656 ‘⁴
745 2637 932 2677 fontium
947 2638 1199 2690 aquarum,'’
1213 2639 1332 2691 quod
1347 2639 1436 2679 sint
1451 2653 1556 2680 vera
1571 2639 1711 2682 Verbi

234 2703 289 2740 (de
307 2696 565 2746 qua.n.483);
596 2697 763 2737 exinde
786 2704 931 2750 patet,
950 2699 1070 2751 quod
1096 2713 1176 2751 per
1196 2699 1316 2751 quod
1342 2701 1541 2740 “tertius
1566 2714 1709 2754 ange-

234 2753 302 2794 lus
325 2755 526 2797 effuderit
549 2757 742 2809 phialam
766 2772 890 2799 suam
916 2760 958 2799 in
981 2759 1136 2800 fluvios
1157 2766 1202 2800 et
1226 2761 1268 2800 in
1286 2760 1433 2801 fontes
1458 2763 1711 2814 aquarum‚''

234 2817 507 2869 significetur
531 2826 675 2860 status
701 2821 915 2862 ecclesiae
942 2822 1250 2863 manifestatus
1277 2823 1423 2877 quoad
1449 2824 1710 2866 facultatem

234 2879 517 2932 intelligendi
541 2895 646 2922 vera
668 2882 820 2925 Verbi.
