1962 3328
269 254 381 308 2526
684 265 1017 299 APOCALYPSIS
1050 267 1350 302 EXPLICATA.

265 378 384 432 apud
411 379 619 429 eundem,

331 453 485 485 “Calix'
477 465 511 485 in
527 464 635 486 manu
648 454 818 496 Jehovae,
833 462 867 487 et
882 457 966 487 vino
981 457 1142 495 miscuit;
1163 457 1323 498 implevit
1337 459 1458 497 mixto,
1473 465 1507 491 et
1520 460 1644 492 effudit
1657 461 1758 500 inde:

439 498 503 582 {Ed
515 498 647 583 {laegcff
662 499 740 539 ejus
762 507 946 540 exsugent,
964 501 1086 532 bibent
1106 511 1233 532 omnes
1254 502 1353 542 impii
1374 503 1517 534 terrae'’
1537 504 1610 544 (Ps.
1627 505 1721 537 lxxv.
1738 515 1759 546 9

264 641 343 682 per
383 629 621 683 “laqueos‚
665 631 817 683 ignem
860 638 905 672 et
949 631 1173 685 sulphur‚”
1210 632 1520 686 significantur
1558 634 1670 676 falsa
1710 642 1757 677 et

264 691 384 732 mala
407 693 684 742 seducenda,
705 700 750 734 et
775 708 852 747 per
873 698 1097 735 “ventum
1121 696 1452 748 procellarum''
1476 698 1757 751 significatur

262 754 548 808 impugnatio
574 757 666 797 veri
693 757 970 808 vehemens;
1008 757 1085 798 illa
1112 759 1322 799 dicuntur
1351 761 1538 812 “portio
1564 761 1757 809 calicis‚'’

263 818 368 870 quia
403 819 565 858 “calix
580 819 598 834 ’'
631 826 678 860 ut
713 821 954 860 continens
987 820 1213 873 significat
1246 821 1348 872 illa;
1386 836 1465 875 per
1498 823 1757 865 “miscere”

264 886 311 920 et
341 881 565 934 “implere
597 882 778 923 mixt0’'
811 882 1089 935 significatur
1120 883 1354 924 falsificare
1385 899 1539 926 verum
1572 893 1618 927 et
1651 900 1755 940 pro-

261 943 412 984 fanare
435 944 557 984 illud.
620 945 670 985 In
695 946 902 985 omnibus
925 945 993 986 his
1017 945 1127 986 locis
1147 947 1356 987 tribuitur
1371 947 1572 999 Jehovae
1591 949 1754 990 devas-

262 1007 378 1046 tatio
410 1008 502 1047 veri
535 1014 581 1048 et
619 1008 724 1048 boni
762 1022 840 1061 per
871 1008 982 1048 salsa
1014 1014 1060 1049 et
1099 1009 1244 1059 mala;
1289 1023 1393 1050 nam
1426 1010 1600 1060 dicitur,
1635 1011 1755 1064 quod

264 1071 532 1111 “sumerent
553 1071 740 1111 calicem
764 1073 854 1111 irae
876 1071 1078 1124 Jehovae
1102 1086 1125 1112 e
1150 1085 1285 1112 manu
1305 1072 1487 1125 Ipsius,”
1505 1074 1624 1127 quod
1645 1074 1755 1127 “Je-

260 1132 412 1173 hovah
444 1134 548 1174 vino
590 1135 782 1183 miscuit,
818 1141 862 1175 et
905 1135 1110 1187 implevit
1153 1135 1340 1184 mixto‚’'
1373 1142 1468 1176 tum
1505 1137 1666 1177 “calix
1709 1138 1754 1178 in

261 1208 396 1236 manu
423 1196 624 1249 Jehovae
645 1197 679 1247 ;”
721 1198 799 1238 sed
833 1211 972 1251 usque
1004 1197 1350 1250 intelligendum
1384 1205 1453 1239 est
1491 1199 1612 1252 quod
1644 1199 1755 1240 nihil

260 1259 590 1300 devastationis
628 1261 685 1300 sit
723 1275 748 1300 a
782 1260 1004 1313 Jehovah,
1044 1261 1123 1300 sed
1162 1274 1295 1301 omne
1336 1261 1428 1314 ejus
1465 1262 1522 1301 ab
1559 1261 1755 1303 homine.

261 1321 408 1362 Causa
430 1323 549 1376 quod
572 1323 635 1364 ita
658 1323 845 1371 dicatur,
871 1330 955 1372 est,
981 1324 1083 1376 quia
1106 1323 1323 1364 naturalis
1351 1324 1488 1364 homo
1512 1337 1602 1364 non
1631 1324 1755 1365 aliud

259 1385 383 1426 videt
421 1399 554 1439 quam
591 1386 710 1439 quod
754 1386 876 1426 Deus
912 1387 1143 1435 irascatur,
1183 1387 1354 1440 puniat,
1395 1374 1671 1428 condemnet
1708 1394 1754 1429 et

261 1448 470 1501 conjiciat
497 1450 540 1489 in
568 1449 801 1498 infernum,
830 1449 932 1489 illos
959 1450 1032 1502 qui
1067 1450 1219 1502 Ipsum
1246 1449 1532 1503 vilipendunt
1559 1457 1605 1491 et
1633 1450 1754 1491 blas-

259 1510 495 1564 phemant,
520 1512 658 1552 verbo
685 1513 758 1565 qui
785 1525 875 1552 non
903 1512 992 1564 Ipsi
1019 1512 1210 1565 gloriam
1237 1513 1376 1563 dant;
1410 1514 1511 1566 quia
1538 1514 1601 1553 ita
1628 1514 1753 1566 cogi-

260 1581 358 1615 tare
394 1581 464 1615 est
502 1575 722 1623 naturale,
762 1575 864 1615 ideo
901 1576 944 1614 in
987 1588 1121 1615 sensu
1160 1575 1340 1616 litterae
1378 1575 1532 1624 Verbi,
1572 1577 1646 1629 qui
1682 1582 1752 1617 est

260 1638 491 1687 naturalis,
519 1639 584 1678 ita
609 1638 781 1678 dicitur.
845 1638 1016 1678 Pariter
1041 1637 1146 1678 alibi
1173 1639 1217 1678 in
1242 1637 1530 1691 Apocalypsi,

334 1739 403 1780 Qui
423 1739 626 1770 adoraverit
645 1739 797 1770 bestiam
820 1738 944 1769 “bibet
964 1749 1007 1769 ex
1027 1739 1112 1769 vino
1137 1739 1208 1770 irae
1230 1738 1295 1770 Dei
1321 1739 1432 1770 mixto
1452 1749 1551 1770 mero
1571 1739 1607 1770 in
1628 1739 1755 1780 poculo

434 1783 753 1814 excandescentiae
773 1782 889 1822 Ipsius
902 1782 919 1793 '’
938 1782 1019 1818 (xiv.
1040 1780 1102 1823 [9,]
1126 1783 1198 1821 10);

326 1828 345 1841 “
358 1826 521 1867 Babylon
540 1836 672 1866 magna
689 1826 787 1857 venit
804 1827 839 1857 in
858 1827 1067 1857 memoriam
1086 1836 1205 1857 coram
1225 1825 1311 1864 Deo,
1328 1826 1412 1857 dare
1429 1826 1479 1857 illi
1496 1826 1662 1867 poculum
1680 1827 1754 1858 vini

435 1870 752 1901 excandescentiae
771 1870 842 1900 irae
862 1869 1006 1910 Ipsius'’
1024 1870 1106 1908 (xvi.
1128 1870 1200 1909 19);

327 1915 346 1929 “
358 1913 504 1946 Mulier.
519 1939 526 1945 .
541 1939 547 1946 .
564 1914 714 1945 .habens
732 1923 876 1944 aureum
895 1914 1061 1953 poculum
1084 1914 1119 1943 in
1141 1923 1249 1944 manu
1269 1923 1333 1944 sua
1352 1913 1498 1954 plenum
1518 1914 1754 1946 abominatio·
1775 1947 1780 1951 ,

437 1958 542 1989 nibus
559 1964 594 1988 et
611 1958 836 1988 immunditie
853 1957 1080 1988 scortationis
1092 1956 1110 1968 '’
1128 1956 1221 1995 (xvii.
1239 1958 1272 1996 4)
1287 1966 1293 1994 ζ
1443 1987 1445 1989 ,

327 2001 547 2042 “Duplicate
568 2001 599 2032 ei
620 2001 727 2040 dupla
747 2001 848 2040 juxta
868 2011 978 2041 opera
1002 2001 1079 2041 ejus
1097 2010 1103 2039 ;
1133 2001 1270 2041 poculo,
1292 2010 1360 2041 quo
1381 2001 1531 2039 miscuit,
1552 2002 1698 2033 miscete
1722 2002 1754 2033 ei

434 2046 581 2085 duplum
594 2044 612 2056 ”
630 2045 737 2085 (xviii.
752 2045 795 2084 6).

259 2143 335 2184 Ex
361 2143 430 2183 his
457 2148 586 2196 patet
609 2142 713 2195 quid
737 2141 1015 2195 significatur
1037 2156 1115 2195 per
1141 2142 1353 2196 “phialas
1366 2142 1385 2157 ''
1408 2148 1585 2196 septem
1609 2157 1750 2196 ange-

259 2207 419 2255 lorum,
463 2220 572 2259 quas
615 2205 864 2246 effuderunt
907 2206 951 2245 in
993 2212 1174 2253 terram,
1215 2219 1352 2254 mare,
1391 2205 1562 2254 fluvios,
1601 2206 1751 2246 fontes

259 2282 489 2323 aquarum,
504 2268 662 2317 solem,
678 2282 808 2321 super
820 2268 1033 2308 thronum
1050 2268 1237 2317 bestiae,
1255 2268 1434 2308 fluvium
1449 2268 1749 2321 Euphratem,

260 2339 306 2374 et
338 2333 382 2372 in
415 2345 591 2382 aerem3
631 2331 751 2384 quod
784 2344 947 2384 nempe
979 2331 1070 2371 sint
1104 2336 1252 2371 status
1282 2330 1611 2371 devastationis
1638 2345 1751 2384 quae

259 2410 338 2450 per
363 2395 441 2436 illa
466 2395 794 2436 deseribuntur.

343 2465 426 2520 [b.]
470 2465 606 2518 Quod
634 2464 826 2505 “calix''
852 2478 929 2504 seu
959 2463 1211 2517 “poculum
1227 2463 1247 2478 ”
1273 2463 1497 2516 significet
1522 2465 1749 2505 tentatio-

259 2541 353 2576 nes,
378 2534 589 2568 constare
612 2532 766 2580 potest
790 2540 849 2566 ex
872 2526 1164 2579 sequentibus
1181 2525 1390 2578 :-Apuc1
1411 2525 1749 2578 Evangelistas,

330 2625 435 2668 Jesus
460 2626 547 2657 dixit
572 2626 652 2657 filiis
678 2625 863 2663 Zebedaei,
890 2624 1075 2656 “Nescitis
1101 2624 1183 2665 quid
1208 2624 1348 2664 petitis;
1381 2634 1426 2655 an
1455 2624 1605 2664 potestis
1629 2624 1751 2656 bibere

434 2670 598 2709 poculum
614 2670 707 2710 quod
721 2670 894 2700 bibiturus
910 2678 998 2705 sum,
1013 2674 1048 2699 et
1061 2668 1285 2708 baptismate,
1298 2677 1367 2708 quo
1381 2668 1549 2708 baptizor,
1559 2668 1753 2707 baptizari?

436 2713 666 2750 Dicebant..‚
693 2713 899 2744 Possumus.
957 2712 1047 2743 Tum
1073 2713 1160 2743 dixit
1187 2712 1240 2748 iis,
1268 2712 1436 2743 Poculum
1463 2721 1581 2742 meum
1607 2712 1749 2752 quidem

433 2757 571 2794 bibetis,
589 2763 624 2788 et
641 2757 866 2796 baptismate,
885 2766 954 2798 quo
971 2756 1139 2797 baptizor,
1157 2756 1422 2800 baptizabimini
1432 2754 1450 2767 ''
1467 2755 1610 2795 (Matth.
1625 2765 1682 2786 xx.
1696 2763 1747 2793 22,

434 2809 493 2839 23;
518 2801 629 2832 Marc.
647 2810 679 2832 x.
698 2801 748 2839 38,
767 2802 841 2841 39):

257 2901 338 2942 sed
356 2900 470 2942 haec
488 2901 731 2942 videantur
747 2914 882 2954 supra
905 2911 949 2951 (n.
967 2902 1064 2954 893)
1087 2900 1332 2954 explicata.
1381 2899 1520 2953 Apud
1543 2899 1745 2948 eosdem,
