1962 3328
591 275 698 308 CAP.
722 264 837 314 xvi„
859 273 998 306 VERs.
1026 273 1197 306 12.--N.
1218 274 1316 317 997.
1499 268 1503 271 ’
1584 264 1696 318 2569

154 388 161 406 ³
212 386 339 436 caeli,
377 393 424 428 et
463 400 640 440 quoque
674 386 793 439 apud
833 399 1014 427 omnem
1049 386 1279 427 hominem
1320 386 1487 434 mundi,
1528 392 1575 427 et
1616 386 1695 426 dat

211 451 354 490 visum
377 451 618 496 internum,
646 451 719 503 qui
744 455 813 490 est
837 447 1123 489 intellectus:
1156 462 1260 489 nam
1286 449 1501 489 unicuivis
1525 449 1695 489 homini

211 512 357 566 quoad
379 512 471 564 ejus
492 513 708 565 spiritum,
728 513 910 552 tametsi
934 525 1025 552 non
1047 511 1194 564 quoad
1220 524 1394 563 corpus,
1412 517 1482 551 est
1507 511 1696 552 facultas

210 575 451 627 recipiendi
482 574 626 614 lucem
658 574 795 622 illam,
823 574 908 614 hoc
935 581 1025 629 est,
1052 573 1334 627 intelligendi
1367 573 1577 614 Divinum
1600 573 1694 613 Ve-

83 615 150 676 «Γ,
210 650 334 687 rum;
375 637 454 678 sed
491 638 686 690 aperitur
720 637 796 676 illa
830 636 1019 677 facultas
1055 637 1169 677 sicut
1210 637 1348 677 homo
1383 636 1615 684 adolescit,
1649 642 1695 676 et

210 700 429 740 rationale
469 713 593 740 suum
633 700 880 740 secundum
920 699 1124 739 ordinem
1165 712 1243 751 per
1281 700 1491 740 scientias
1531 705 1578 739 et
1618 712 1697 752 per

210 764 494 816 cognitiones
519 763 624 803 boni
655 770 701 803 et
728 763 819 803 veri
850 762 1022 803 excolit
1053 769 1099 802 et
1130 762 1305 803 format.
1365 762 1432 803 At
1463 762 1599 810 calor,
1622 763 1696 815 qui

157 868 162 871 ,
210 833 282 866 est
308 825 519 866 Divinum
547 825 735 873 Bonum,
756 838 846 865 non
872 826 935 865 ita
956 825 1075 877 apud
1097 824 1308 877 angelum
1334 831 1380 865 et
1406 825 1524 878 apud
1549 825 1694 866 homi-

210 901 329 935 nem,
361 889 475 928 sicut
506 888 608 937 luX,>
633 902 747 941 quae
780 894 849 928 est
887 887 1097 927 Divinum
1129 887 1314 935 Verum,
1346 887 1487 928 influit
1505 901 1515 937 ;
1561 901 1695 927 causa

209 957 295 998 est,
336 952 439 1004 quia
477 951 613 992 homo
643 951 841 991 nascitur
870 951 914 990 in
946 950 1065 990 mala
1101 950 1245 990 omnis
1276 951 1467 1002 generis,
1499 957 1546 991 et
1577 949 1696 990 mala

210 1013 416 1062 obstant;
439 1028 573 1066 quare
591 1013 666 1053 illa
685 1014 873 1065 primum
888 1013 1164 1053 removenda
1177 1019 1281 1053 sunt
1298 1020 1541 1066 antequam
1558 1013 1694 1060 calor,

210 1077 284 1130 qui
315 1083 384 1117 est
417 1077 628 1116 Divinum
662 1076 850 1124 Bonum,
884 1083 1036 1128 potest
1067 1075 1274 1125 influere;
1316 1089 1368 1116 ac
1400 1075 1518 1116 mala
1548 1075 1695 1116 remo-

170 1150 174 1152 ·
209 1145 371 1179 ventur
396 1152 474 1191 per
497 1140 694 1191 aspicere
719 1139 795 1178 illa
820 1146 868 1178 ut
891 1145 1079 1190 peccata
1104 1145 1264 1178 contra
1289 1138 1450 1186 Deum,
1474 1146 1520 1179 et
1542 1139 1695 1191 fugere
1717 1137 1719 1139 ’

210 1201 300 1248 illa,
324 1201 619 1254 supplicando
644 1201 888 1241 Dominum
911 1201 967 1241 de
992 1214 1077 1254 ope
1098 1215 1107 1251 ;
1140 1208 1357 1254 quantum
1384 1202 1534 1254 itaque
1560 1202 1698 1242 homo

211 1265 273 1304 sic
298 1265 454 1316 recipit
487 1264 696 1304 Divinum
730 1263 919 1312 Bonum,
948 1270 1126 1304 tantum
1157 1265 1200 1303 in
1233 1264 1379 1304 lucem
1410 1264 1695 1317 intelligendi

211 1326 422 1367 Divinum
449 1326 619 1367 Verum
645 1328 795 1376 venit;
828 1339 931 1366 nam
958 1327 1029 1366 via
1061 1326 1211 1366 Divini
1237 1326 1346 1367 Veri
1376 1328 1419 1367 in
1450 1327 1694 1375 hominem,

210 1391 284 1442 qui
319 1390 597 1437 reformatur,
637 1396 706 1430 est
742 1403 820 1442 per
855 1390 1022 1430 bonum
1063 1389 1310 1430 voluntatis
1349 1397 1394 1430 et
1437 1390 1540 1430 inde
1577 1391 1697 1430 vitae

99 1460 106 1464 “
147 1482 153 1483 ff
211 1453 330 1505 apud
346 1452 484 1493 illum.
546 1451 740 1504 Quando
761 1459 912 1492 autem
936 1452 1071 1492 homo
1094 1465 1182 1492 non
1208 1453 1251 1491 in
1276 1452 1439 1492 Divino
1462 1452 1590 1493 Bono
1610 1460 1695 1497 est.

211 1515 290 1556 sed
321 1515 366 1555 in
405 1515 539 1562 malo,
572 1522 679 1555 tunc
717 1515 1003 1555 nihilominus
1034 1522 1103 1555 est
1135 1515 1178 1554 in
1209 1514 1423 1555 facultate
1454 1516 1698 1567 recipiendi

211 1577 370 1626 lucem,
399 1591 475 1618 seu
506 1577 789 1632 intelligendi
817 1577 1027 1617 Divinum
1054 1577 1240 1625 Verum,
1269 1578 1348 1618 sed
1380 1584 1597 1630 quantum
1627 1585 1697 1618 est

210 1640 255 1680 in
280 1647 403 1680 statu
427 1647 661 1693 separato;
694 1641 729 1679 si
754 1654 861 1680 vero
887 1653 976 1680 non
1008 1641 1052 1680 in
1082 1647 1206 1680 statu
1237 1647 1446 1692 separato
1477 1647 1560 1689 est,
1589 1646 1696 1680 tunc

210 1702 319 1743 illud
341 1716 431 1742 non
453 1703 517 1742 ita
538 1702 764 1755 intelligit.
826 1702 982 1743 Status
1004 1710 1236 1755 separatus
1259 1707 1327 1743 e'st
1350 1703 1532 1750 homini,
1556 1716 1699 1756 quan·

211 1765 270 1805 do
300 1765 445 1805 solum
485 1772 665 1805 tenetur
694 1766 738 1804 in
770 1765 1048 1816 cogitatione
1079 1779 1193 1818 quae
1225 1763 1496 1813 intellectus,
1523 1772 1570 1806 et
1607 1779 1697 1806 non

210 1827 341 1868 simul
380 1829 423 1868 in
464 1825 698 1868 affectione
739 1842 852 1881 quae
884 1827 1131 1868 voluntatis
1168 1827 1260 1880 ejus
1297 1835 1393 1878 est3
1426 1828 1504 1868 sed
1537 1829 1581 1868 in
1612 1828 1698 1869 hoc

213 1897 336 1931 statu
361 1891 498 1931 homo
531 1903 618 1930 non
650 1890 928 1938 reformatur,
955 1891 1056 1943 quia
1088 1890 1166 1930 lux
1198 1890 1275 1930 illa
1301 1897 1407 1931 tunc
1440 1904 1530 1931 non
1561 1890 1699 1936 afficit

83 1949 149 1988 ³-
210 1953 352 1994 vitam
384 1953 490 2005 ejus,
518 1966 596 1993 seu
628 1952 842 1992 Divinum
869 1953 1038 1993 Verum
1070 1966 1161 1993 non
1194 1953 1517 2006 implantatur:
1551 1960 1699 1994 status

212 2022 365 2056 autem
391 2029 480 2055 non
507 2022 741 2068 separatus
772 2022 842 2055 est
869 2015 1053 2062 homini,
1078 2016 1258 2068 quando
1289 2022 1471 2056 tenetur
1495 2017 1538 2056 in
1571 2017 1696 2069 cogi-

213 2079 389 2119 tatione
414 2093 473 2119 ex
499 2077 747 2125 intellectu,
775 2086 822 2119 et
849 2078 979 2118 simul
1011 2079 1054 2118 in
1081 2077 1315 2119 affectione
1347 2093 1406 2119 ex
1433 2078 1698 2127 voluntate;

210 2142 255 2182 in
286 2141 373 2182 hoc
405 2148 529 2182 statu
561 2141 697 2181 homo
729 2155 819 2181 non
850 2142 1010 2193 recipit
1043 2141 1188 2181 lucem
1220 2155 1298 2181 seu
1329 2141 1543 2194 intelligit
1574 2142 1698 2181 Divi-

212 2216 318 2245 num
344 2203 528 2251 Verum,
554 2205 588 2244 si
616 2217 703 2244 non
731 2204 860 2244 simul
886 2204 1034 2256 quoad
1059 2202 1342 2244 affectionem
1368 2204 1620 2244 voluntatis
1650 2205 1695 2244 in

213 2265 378 2307 Divino
409 2266 537 2307 Bono
568 2268 653 2315 sit;
695 2279 798 2306 nam
830 2267 874 2306 in
900 2266 986 2306 hoc
1018 2272 1141 2306 statu
1168 2266 1286 2306 mala
1313 2280 1426 2319 quae
1449 2267 1699 2307 voluntatis

211 2335 330 2377 sunt,
363 2335 409 2370 et
440 2329 545 2369 inde
575 2329 686 2368 salsa
717 2343 831 2382 quae
862 2329 1171 2380 cogitationis,
1204 2329 1406 2375 obstant,
1441 2335 1487 2369 et
1519 2330 1695 2369 exstin-

213 2399 355 2445 guunt
382 2392 540 2432 lucem.
601 2391 690 2432 Sed
716 2393 773 2432 de
798 2392 913 2432 binis
945 2391 1014 2431 his
1045 2392 1241 2432 statibus
1273 2392 1466 2431 hominis
1501 2391 1626 2445 plura
1657 2393 1701 2432 in

167 2503 170 2505 ,
212 2455 502 2508 sequentibus
524 2455 742 2495 dicentur.

113 2559 116 2560 ⁷
143 2565 148 2568 ”
199 2588 201 2590 .
213 2568 390 2594 (Con-ehem
399 2569 430 2590 de
440 2569 516 2590 Sexta
526 2569 683 2595 haerena.)

282 2610 479 2665 Quoniam
505 2623 617 2647 amor
641 2611 876 2658 conjugialis
912 2611 950 2645 in
981 2622 1051 2646 sua
1077 2611 1203 2656 prima
1233 2611 1403 2646 essentia
1430 2618 1491 2646 est
1520 2623 1632 2647 amor
1662 2614 1700 2648 in

158 2678 161 2681 v
214 2656 428 2693 Dominum
455 2669 478 2693 a
505 2658 690 2698 Domino,
716 2666 757 2693 et
787 2658 878 2693 inde
908 2669 1067 2703 quoque
1101 2665 1161 2692 est
1193 2658 1430 2697 innocentia,
1461 2659 1551 2694 ideo
1580 2660 1700 2694 etiam

211 2714 325 2740 amor
340 2705 572 2750 conjugialis
585 2712 645 2740 est
660 2716 745 2750 pax,
760 2705 886 2750 qualis
901 2712 962 2739 est
982 2705 1019 2738 in
1035 2705 1152 2739 caelis
1166 2705 1270 2749 apud
1286 2706 1468 2750 angelos:
1494 2716 1583 2740 nam
1597 2707 1699 2741 sicut

215 2751 442 2786 innocentia
459 2760 519 2787 est
538 2752 665 2797 ipsum
684 2763 770 2786 esse
787 2751 918 2786 omnis
935 2752 1040 2790 boni,
1057 2751 1111 2785 ita
1131 2762 1204 2796 pax
1224 2758 1282 2785 est
1302 2751 1430 2796 ipsum
1457 2763 1542 2787 esse
1567 2754 1699 2788 omnis

213 2797 376 2842 jucundi
404 2809 452 2832 ex
477 2799 595 2837 bono,
613 2805 902 2843 consequenter
927 2804 987 2832 est
1014 2798 1141 2842 ipsum
1169 2809 1253 2832 esse
1280 2799 1409 2833 omnis
1433 2799 1566 2844 gaudii
1598 2800 1700 2834 inter

213 2844 414 2890 conjuges.
463 2843 578 2879 Nunc
591 2845 684 2890 quia
697 2856 815 2879 omne
828 2845 1016 2890 gaudium
1031 2852 1091 2878 est
1109 2845 1265 2883 amoris,
1280 2852 1319 2879 et
1337 2855 1449 2879 amor
1461 2846 1697 2891 conjugialis

213 2897 274 2926 est
302 2901 414 2926 amor
437 2890 741 2926 fundamentalis
766 2892 944 2926 omnium
975 2902 1153 2926 amorum
1180 2891 1289 2931 caeli,
1317 2891 1408 2926 ideo
1437 2892 1521 2938 ipsa
1550 2903 1627 2938 pax
1659 2893 1699 2927 in
