1962 3328
666 273 771 306 CAP.
795 272 910 313 xvr,
933 271 1070 303 VERs.
1093 270 1239 315 9.—N.
1262 262 1357 314 984.
1641 269 1750 313 2553

272 387 451 411 (continuatio
459 386 490 407 de
498 386 574 407 Sexta
584 386 740 412 Praecepta.)

342 422 460 469 Quod
485 422 713 468 conjugium
739 421 790 456 sit
815 420 977 458 caelum,
1003 425 1043 454 et
1072 418 1179 464 quod
1204 417 1438 452 adulterium
1466 416 1518 451 sit
1543 415 1750 455 infernum,

271 480 351 504 non
379 469 517 504 melius
542 479 659 514 quam
685 479 733 502 ex
758 467 909 512 origine
936 466 1090 500 illorum
1117 471 1247 510 potest
1271 463 1407 498 videri.
1458 462 1582 508 Origo
1606 463 1752 497 amoris

270 527 361 551 vere
385 516 503 561 conju
535 515 618 549 'alis
646 521 706 549 est
733 524 846 548 amor
871 512 1031 547 Domini
1057 522 1150 557 erga
1177 510 1401 550 ecclesiam:
1435 509 1527 543 inde
1558 508 1752 544 Dominus

269 569 435 597 vocatur
453 562 492 596 in
550 562 644 596 erbo
665 559 903 606 “Sponsus’'
924 566 965 594 et
985 557 1216 597 “Maritus‚¹'
1238 564 1278 592 et
1298 556 1463 591 ecclesia
1480 555 1694 600 “Sponsa''
1712 562 1754 590 et

271 613 292 626 “
303 608 415 644 Uxor
424 608 455 645 :''
475 619 523 643 ex
537 608 613 642 hoc
623 606 810 652 conjugio
821 605 986 640 ecclesia
997 611 1058 639 est
1071 604 1235 639 ecclesia
1250 603 1287 637 in
1300 602 1500 638 communi
1514 609 1554 637 et
1569 602 1607 636 in
1622 609 1732 647 parte
1744 614 1751 641 ;

271 655 435 690 ecclesia
452 654 491 688 in
509 661 619 700 parte
636 660 696 688 est
713 653 835 687 homo
853 652 891 686 in
909 662 990 697 quo
1003 651 1185 690 ecclesia;
1211 650 1302 684 inde
1317 656 1425 695 patet
1438 649 1546 694 quod
1563 649 1752 694 conjunc-

270 701 328 736 tio
350 701 510 736 Domini
530 711 620 735 cum
641 699 802 734 homine
821 698 1008 733 ecclesiae
1028 698 1079 732 sit
1106 697 1189 742 ipsa
1208 696 1320 742 origo
1340 696 1484 730 amoris
1504 706 1595 730 vere
1615 695 1753 739 conju-

300 747 394 782 'alis.
443 747 520 782 Sed
534 746 737 792 quomodo
755 745 820 780 illa
833 743 1060 790 conjunctio
1074 750 1206 789 potest
1222 754 1307 778 esse
1320 742 1443 788 origo,
1457 741 1576 776 etiam
1588 741 1751 776 dicetur.

247 788 251 792 ⁵
304 792 510 839 onjunftio
537 793 695 828 Domini
725 803 814 827 cum
841 791 1002 826 homine
1031 790 1217 825 ecclesiae
1246 797 1306 824 est
1330 787 1560 834 conjunftio
1589 788 1681 822 boni
1711 795 1752 822 et

270 841 371 879 veri;
395 851 419 875 a
441 840 612 874 Domino
629 846 689 874 est
706 839 865 878 bonum,
883 845 923 873 et
943 838 1048 883 apud
1069 836 1270 871 hominem
1289 843 1348 871 est
1365 846 1520 874 verum;
1547 835 1638 869 inde
1659 845 1752 869 con-

269 885 422 932 junctio
446 897 546 932 quae
570 893 735 922 vocatur
758 884 986 930 conjugium
1012 884 1200 918 caeleste:
1233 894 1281 918 ex
1306 882 1383 917 hoc
1407 881 1594 927 conjugio
1619 881 1752 916 existit

270 944 382 968 amor
396 944 487 968 vere
508 932 740 978 conjugialis
762 932 863 966 inter
882 931 996 965 binos
1016 930 1216 975 conjuges,
1234 929 1300 975 qui
1323 929 1361 963 in
1382 928 1451 963 tali
1472 927 1752 973 conjunftione

269 991 359 1014 cum
380 979 552 1014 Domino
568 986 671 1014 sunt.
723 977 819 1013 Inde
840 977 1008 1023 primum
1030 983 1139 1022 patet
1158 976 1264 1021 quod
1283 986 1394 1010 amor
1410 986 1501 1010 vere
1518 974 1752 1020 conjugialis

270 1026 322 1061 sit
350 1037 374 1061 a
397 1026 483 1061 solo
510 1025 694 1063 Domino.
712 1032 752 1060 et
775 1024 880 1070 apud
908 1024 994 1059 illos
1020 1023 1086 1068 qui
1113 1023 1152 1057 in
1178 1021 1458 1067 conjunctione
1482 1021 1576 1056 boni
1605 1028 1645 1056 et
1669 1021 1751 1056 veri

270 1079 363 1107 sunt
386 1083 410 1107 a
436 1072 619 1107 Domino.
669 1071 772 1118 Quia
797 1071 893 1106 haec
918 1069 1146 1116 conjunctio
1167 1076 1227 1104 est
1244 1069 1452 1114 reciproca,
1471 1067 1705 1103 describitur
1729 1078 1753 1102 a

273 1119 456 1159 Domino,

573 1172 617 1201 Ut
630 1172 673 1200 illi
687 1172 748 1200 sint
762 1171 793 1200 in
810 1172 894 1208 Ipso,
910 1175 941 1200 et
958 1171 1029 1208 Ipse
1044 1171 1075 1198 in
1089 1170 1148 1198 illis
1163 1169 1260 1210 (Joh.
1276 1168 1372 1199 [¹lxiv.
1388 1169 1452 1206 20).

273 1243 382 1279 Haec
402 1242 630 1289 conjunctio
655 1254 723 1278 seu
750 1243 826 1278 hoc
850 1243 1079 1288 conjugium
1105 1253 1129 1276 a
1152 1242 1350 1277 creatione
1378 1242 1432 1276 ita
1456 1241 1750 1276 constabilitum

270 1298 349 1331 est:
366 1291 426 1325 vir
449 1298 603 1325 creatus
628 1297 756 1330 est-ut
781 1290 832 1324 sit
859 1288 1079 1324 intellec‘tus
1099 1289 1192 1328 veri,
1213 1296 1254 1323 et
1279 1288 1424 1323 femina
1449 1295 1493 1322 ut
1517 1289 1568 1322 sit
1593 1286 1752 1322 affeflio

270 1337 374 1375 boni.
395 1337 559 1382 proinde
584 1344 628 1371 ut
652 1337 712 1371 vir
730 1336 782 1371 sit
801 1347 937 1370 verum
963 1342 1003 1370 et
1023 1335 1169 1370 femina
1194 1336 1353 1370 bonum.
1403 1334 1502 1370 Cum
1531 1333 1752 1369 intellectus

269 1384 362 1422 veri.
387 1384 454 1429 qui
479 1384 583 1429 apud
609 1383 747 1422 virum,
773 1394 895 1416 unum
921 1382 1015 1417 facit
1039 1393 1129 1417 cum
1155 1382 1364 1416 affectione
1390 1382 1494 1420 boni,
1520 1392 1620 1426 quae
1646 1382 1750 1426 apud

270 1430 467 1470 feminam,
481 1437 541 1465 est
558 1429 787 1475 conjunctio
799 1430 965 1464 duarum
980 1429 1171 1463 mentium
1190 1429 1229 1462 in
1248 1439 1386 1462 unam:
1412 1428 1509 1462 haec
1522 1428 1752 1473 conjunctio

269 1483 330 1511 est
353 1476 582 1522 conjugium
606 1476 818 1521 spirituale,
839 1486 888 1510 ex
912 1486 991 1520 quo
1017 1475 1221 1510 descendit
1246 1486 1357 1509 amor
1376 1474 1630 1520 conjugialis;
1660 1485 1750 1508 nam

270 1523 364 1557 dum
383 1523 497 1558 binae
515 1529 666 1557 mentes
683 1521 917 1568 conjunftae
935 1529 1038 1561 sunt,
1056 1528 1100 1556 ut
1120 1522 1199 1556 sint
1216 1522 1317 1556 sicut
1335 1532 1413 1555 una
1430 1532 1551 1560 mens,
1570 1528 1630 1556 est
1651 1521 1753 1555 inter

271 1570 355 1604 illas
375 1580 503 1610 amor;
529 1570 593 1604 hic
612 1580 733 1609 amor,
754 1569 820 1614 qui
842 1576 902 1604 est
922 1579 1033 1603 amor
1052 1568 1226 1613 conjugii
1247 1568 1470 1613 spiritualis,
1489 1568 1583 1602 dum
1606 1567 1644 1602 in
1665 1578 1752 1602 cor-

270 1627 343 1661 pus
367 1616 582 1655 descendit,
608 1616 652 1650 fit
680 1626 792 1650 amor
819 1615 994 1661 conjugii
1020 1615 1218 1649 naturalis.
1269 1614 1386 1661 Quod
1414 1615 1468 1649 ita
1497 1615 1558 1653 sit,
1585 1614 1751 1659 quisque

270 1669 411 1707 potest.
429 1663 461 1697 si
478 1663 583 1701 velit,
597 1663 699 1697 clare
718 1663 936 1707 percipere:
962 1662 1162 1707 conjuges,
1181 1661 1248 1706 qui
1267 1661 1431 1696 interius
1448 1662 1580 1706 quoad
1598 1668 1752 1695 mentes

269 1720 311 1744 se
330 1716 468 1743 mutuo
484 1716 524 1743 et
541 1709 712 1743 vicissim
730 1715 875 1747 amant,
893 1709 1012 1742 etiam
1030 1708 1160 1753 quoad
1179 1719 1344 1753 corpora
1361 1719 1401 1742 se
1423 1715 1562 1742 mutuo
1580 1714 1619 1742 et
1636 1707 1752 1742 vicis-

270 1755 343 1790 sim
368 1763 523 1790 amant:
557 1762 695 1790 notum
721 1762 781 1790 est
809 1755 915 1800 quod
942 1755 1071 1789 omnis
1095 1765 1207 1789 amor
1228 1755 1446 1795 descendat
1472 1754 1510 1788 in
1536 1765 1678 1799 corpus
1703 1765 1751 1788 ex

269 1801 477 1837 affectione
496 1802 648 1841 mentis,
666 1809 706 1836 et
723 1802 828 1847 quod
847 1802 994 1846 absque
1016 1801 1080 1835 illa
1097 1801 1248 1846 origine
1266 1812 1344 1836 non
1366 1801 1506 1846 aliquis
1523 1812 1635 1835 amor
1650 1801 1752 1835 exis-

269 1855 339 1883 tat.
390 1848 504 1882 Nunc
520 1849 613 1893 quia
629 1848 740 1894 origo
753 1848 898 1883 amoris
915 1848 1148 1893 conjugialis
1165 1855 1224 1882 est
1242 1848 1470 1893 conjugium
1489 1848 1581 1882 boni
1600 1854 1640 1882 et
1657 1847 1750 1885 veri.

269 1895 375 1940 quod
393 1895 620 1941 conjugium
640 1894 678 1928 in
696 1906 767 1929 sua
782 1895 953 1929 essentia
969 1901 1029 1929 est
1046 1895 1208 1933 caelum,
1227 1902 1336 1939 patet
1353 1895 1460 1939 quo’d
1478 1894 1590 1940 origo
1607 1894 1752 1928 amoris

269 1941 450 1976 adulterii
470 1942 522 1976 sit
541 1941 768 1986 conjugium
791 1941 882 1975 mali
903 1949 942 1975 et
963 1940 1060 1980 falsi,
1081 1941 1188 1986 quod
1210 1941 1248 1974 in
1274 1952 1344 1975 sua
1364 1941 1535 1975 essentia
1554 1948 1614 1975 est
1635 1940 1752 1975 infer-

270 1999 375 2022 num.
425 1987 542 2034 Quod
568 1988 718 2022 caelum
744 1988 795 2022 sit
824 1987 1064 2033 conjugium,
1090 1995 1150 2022 est
1179 1987 1271 2033 quia
1300 1998 1438 2022 omnes
1467 1988 1533 2032 qui
1565 1988 1603 2021 in
1634 1987 1751 2022 caelis

269 2042 372 2074 sunt,
387 2034 426 2068 in
444 2034 630 2080 conjugio
643 2034 736 2068 boni
754 2041 794 2068 et
807 2035 887 2068 veri
905 2041 1016 2073 sunt;
1042 2041 1082 2068 et
1099 2033 1205 2079 quod
1226 2033 1418 2068 infernum
1438 2034 1488 2068 sit
1502 2034 1751 2072 adulterium,

269 2087 329 2115 est
348 2081 440 2126 quia
460 2091 597 2115 omnes
617 2081 684 2126 qui
711 2080 749 2114 in
772 2080 932 2115 infernis
952 2087 1054 2119 sunt,
1077 2080 1116 2114 in
1141 2081 1328 2126 conjugio
1350 2081 1440 2115 mali
1466 2087 1506 2114 et
1531 2080 1617 2115 falsi
1638 2087 1752 2114 sunt:

271 2127 362 2162 inde
390 2127 644 2172 consequitur
672 2127 779 2172 quod
808 2127 1036 2172 conjugium
1063 2134 1103 2161 et
1127 2127 1364 2162 adulterium
1390 2127 1463 2162 sibi
1491 2127 1545 2161 ita
1569 2127 1753 2172 opposita

270 2174 350 2208 sint
367 2173 468 2208 sicut
485 2174 635 2208 caelum
654 2180 694 2208 et
713 2173 906 2208 infernum
924 2181 1028 2208 sunt.

351 2283 487 2336 984.
525 2284 603 2323 “ft
632 2283 961 2335 blasphemat-unt
994 2296 1135 2323 nomen
1173 2283 1477 2335 Bei.''——Quod
1521 2283 1747 2335 significet

262 2344 638 2397 salszficationem
670 2345 804 2386 Verbi
830 2345 1016 2385 Domini
1038 2359 1172 2398 usque
1205 2346 1269 2385 ad
1297 2346 1636 2385 destruflionem
1659 2345 1745 2385 Di-

272 2407 373 2447 vini
414 2407 519 2447 Veri
551 2407 598 2447 in
629 2407 776 2454 caelis,
806 2414 989 2447 constat
1029 2421 1088 2447 ex
1128 2407 1460 2459 significatione
1493 2407 1748 2460 “blasphe-

273 2469 438 2515 mare,''
460 2469 579 2522 quod
610 2470 668 2509 sit
698 2469 935 2509 falsificare
965 2469 1177 2508 Divinum
1210 2469 1380 2508 Verum
1413 2483 1550 2521 usque
1581 2469 1637 2509 ad
1667 2470 1747 2509 de-

271 2531 569 2572 struffionem
588 2530 681 2583 ejus
696 2531 738 2570 in
756 2531 885 2571 caelo
903 2542 956 2578 (de
971 2551 1035 2578 qua
1052 2531 1335 2581 [supra],n.778)
1354 2544 1362 2578 ;
1386 2537 1431 2570 et
1450 2544 1508 2570 ex
1526 2530 1750 2583 significa-

271 2594 395 2634 tione
429 2593 657 2631 “nominis
688 2592 811 2639 Dei‚”
836 2593 956 2645 quod
982 2594 1040 2633 sit
1067 2593 1278 2637 Divinum
1303 2591 1473 2631 Verum
1500 2593 1751 2644 procedens

274 2668 299 2695 a
331 2654 544 2702 Domino,
570 2655 634 2694 ita
664 2654 867 2694 Verbum
899 2654 1225 2705 (dequa,n.962):
1259 2654 1362 2693 inde
1394 2667 1471 2706 per
1499 2654 1750 2706 “blasphe-

272 2723 455 2756 marunt
485 2729 650 2756 nomen
687 2716 813 2762 Dei‚”
843 2715 1121 2768 significatur
1150 2715 1404 2755 falsificatio
1435 2715 1575 2755 Verbi
1611 2730 1749 2769 usque

270 2778 326 2818 ad
352 2778 707 2818 destructionem
737 2778 886 2818 Divini
912 2778 1020 2818 Veri
1046 2779 1089 2817 in
1115 2778 1267 2817 caelis.
1326 2789 1392 2823 (De
1415 2788 1629 2817 falsificatione
1653 2789 1751 2817 Verbi

271 2849 371 2876 usque
391 2841 431 2869 ad
451 2841 695 2869 destruelionem
718 2841 822 2869 Divini
843 2842 926 2875 Veri,
946 2842 1034 2878 quod
1054 2841 1146 2876 ibi‚in
1165 2841 1264 2874 caelo,
1286 2841 1428 2870 videatur
1449 2841 1582 2879 [supra‚]
1604 2850 1634 2871 n.
1655 2831 1750 2882 778.

272 2883 365 2926 888,
380 2883 570 2934 914916
590 2893 652 2926 fin..
667 2892 777 2935 950.)
