1962 3328
285 269 398 310 2616
646 295 648 297 >
696 275 1030 309 APOCALvPffls
1062 275 1361 307 EXPLICATA.

285 390 516 430 concernit
536 389 791 442 religiosum
808 389 997 436 illorum,
1019 394 1063 428 et
1087 388 1271 428 tandem
1291 387 1381 440 ejus
1405 387 1740 427 damnationem
1761 400 1771 436 ;

283 460 329 492 et
355 467 412 492 ex
441 452 766 504 significatione
796 452 1080 492 “meretricis
1107 450 1338 503 magnae‚”
1365 450 1484 503 quod
1511 450 1566 490 sit
1594 449 1770 490 adulte—

285 515 400 553 ratio
418 520 464 553 et
483 513 738 566 profanatio
757 513 863 552 boni
879 518 924 552 et
942 512 1035 551 veri
1053 512 1274 552 ecclesiae
1293 522 1451 560 (videatur
1465 530 1570 558 supra,
1580 530 1611 550 n.
1634 520 1772 561 141[b].

292 575 378 620 161,
408 585 559 627 717[d],
590 577 712 622 881):
746 575 865 627 quod
898 574 1011 614 haec
1045 588 1123 626 per
1156 574 1482 614 “meretricem
1524 586 1738 625 magnam
1753 572 1773 586 ”

284 637 606 688 intelligantur,
641 643 709 676 est
748 636 848 688 quia
889 649 966 688 per
998 634 1119 675 illam
1158 635 1423 687 intelligitur
1465 633 1684 687 Babylon,
1724 640 1772 673 ut

285 706 411 751 patet
454 713 478 739 a
519 713 647 739 versu
690 700 846 751 quinto
890 697 1015 750 hujus
1058 698 1230 750 capitis,
1270 697 1342 737 ubi
1384 698 1556 745 dicitur,
1595 695 1775 749 “Super

283 762 462 802 fronte”
487 763 733 802 meretricis
759 767 962 801 “nomen
996 762 1225 814 scriptum,
1255 760 1538 812 Mysterium,
1567 759 1773 812 Babylon

285 837 464 877 magna,
494 831 638 864 mater
665 825 990 864 scortationum
1024 830 1069 863 et
1100 823 1487 863 abominationum
1515 822 1700 868 terrae,’'
1727 829 1772 862 et

283 900 362 939 per
384 892 408 907 “
424 887 703 939 Babylonem
717 886 736 900 '‘
755 886 1031 938 significatur
1049 886 1319 926 adulteratio
1337 893 1382 926 et
1402 886 1650 938 profanatio
1667 885 1772 925 boni

285 955 330 988 et
367 949 459 988 Veri
497 960 545 995 (ut
565 959 596 987 in
615 959 748 987 articulo
770 958 888 999 1029,
907 967 1012 995 supra.
1030 958 1135 986 multis
1155 962 1315 986 ostensum
1337 958 1410 991 est).
1469 946 1616 987 CallSa
1651 946 1772 999 quod

284 1012 489 1065 Babylon
523 1013 695 1052 dicatur
724 1013 979 1051 “meretrix
1014 1011 1218 1063 magna‚'’
1241 1018 1286 1051 et
1316 1015 1501 1051 “mater
1533 1011 1771 1051 scortatio-

286 1088 390 1114 num
424 1082 469 1115 et
501 1075 886 1115 abominationum
919 1073 1104 1122 terrae,'’
1131 1081 1200 1114 est
1232 1075 1333 1127 quia
1364 1087 1488 1113 amor
1514 1073 1772 1113 dominandi

282 1151 414 1190 super
437 1139 586 1178 omnia
613 1138 779 1184 mundi,
809 1144 854 1177 et
882 1138 1060 1189 insuper
1087 1150 1218 1189 super
1244 1138 1394 1177 omnia
1420 1136 1532 1176 caeli
1557 1142 1603 1176 et
1630 1135 1774 1176 eccle-

283 1201 387 1247 siae,
412 1214 462 1240 ac
497 1201 677 1240 demum
711 1213 842 1252 super
870 1200 1019 1251 Ipsum
1054 1199 1311 1245 Dominum,
1341 1213 1427 1239 non
1461 1205 1612 1252 potest
1644 1199 1774 1239 aliter

283 1277 415 1316 quam
454 1277 631 1316 prorsus
669 1270 933 1303 convertere
973 1263 1136 1302 Divina
1167 1277 1272 1302 vera
1303 1264 1345 1302 in
1379 1262 1501 1311 falsa,
1530 1269 1575 1302 et
1613 1262 1774 1302 Divina

283 1326 402 1367 bona
442 1328 484 1366 in
527 1326 659 1374 mala,
694 1327 755 1366 ita
792 1325 1030 1365 ecclesiam
1063 1326 1106 1364 in
1139 1325 1395 1377 religiosum
1437 1326 1480 1365 in
1518 1339 1603 1377 quo
1640 1338 1772 1365 omne

282 1390 448 1430 bonum
472 1397 516 1430 et
533 1403 685 1429 verum
709 1388 800 1441 ejus
823 1388 1125 1428 adulteratum
1149 1395 1194 1428 et
1214 1388 1495 1440 profanatum
1514 1394 1582 1428 est
1601 1402 1609 1438 ;
1638 1387 1774 1428 homo

282 1453 400 1493 enim
439 1466 516 1505 per
548 1452 671 1492 illum
713 1465 912 1492 amorem
945 1465 991 1490 se
1024 1464 1203 1502 prorsus
1236 1452 1399 1491 avertit
1432 1464 1456 1490 a
1489 1451 1698 1498 Domino,
1726 1458 1772 1490 et

283 1517 506 1556 convertit
534 1515 589 1555 ad
617 1521 775 1563 semet,
804 1521 849 1555 et
877 1515 937 1554 sic
966 1528 1054 1554 non
1082 1514 1271 1566 amplius
1304 1514 1404 1554 duci
1437 1521 1589 1566 potest
1621 1527 1646 1553 a
1678 1513 1772 1554 Do·-

283 1580 417 1627 mino,
443 1579 521 1619 sed
549 1579 724 1619 ducitur
749 1592 880 1627 a‚suo
908 1578 1111 1629 proprio;
1146 1585 1190 1618 et
1218 1591 1243 1617 a
1269 1591 1348 1618 suo
1375 1578 1552 1630 proprio
1578 1577 1679 1617 duci
1702 1584 1772 1617 est

282 1642 339 1682 ab
378 1642 561 1682 inferno.
624 1641 777 1681 Homo
815 1640 886 1680 vel
928 1641 1102 1680 ducitur
1142 1654 1166 1680 e
1207 1640 1347 1688 caelo,
1386 1640 1457 1680 vel
1499 1640 1673 1680 ducitur
1713 1653 1772 1680 ex

282 1705 454 1745 inferno
475 1719 482 1754 ;
517 1717 605 1744 non
630 1710 782 1757 potest
801 1704 901 1743 duci
924 1703 980 1743 ab
1003 1709 1191 1755 utroque
1216 1703 1371 1752 simul;
1404 1717 1427 1742 e
1450 1702 1577 1743 caelo
1600 1703 1774 1742 ducitur

281 1768 387 1808 dum
414 1782 438 1808 a
465 1767 675 1815 Domino,
704 1773 749 1807 et
773 1781 830 1806 ex
850 1767 1020 1806 inferno
1046 1780 1147 1806 cum
1174 1780 1199 1806 a
1222 1773 1392 1806 semet:
1427 1779 1530 1806 nam
1553 1766 1688 1806 homo
1711 1766 1773 1806 ita

282 1837 457 1870 creatus
484 1837 552 1870 est
580 1836 627 1870 ut
656 1831 796 1882 possit
820 1843 845 1869 a
871 1830 1049 1882 proprio
1076 1843 1155 1869 suo
1179 1828 1356 1878 elevari,
1378 1835 1423 1869 et
1450 1829 1493 1868 in
1520 1829 1772 1869 elevatione

282 1895 509 1947 cogitare3
543 1900 588 1934 et
616 1900 722 1934 tunc
750 1893 951 1933 elevatur
977 1907 1001 1933 a
1025 1894 1216 1946 proprio,
1241 1899 1286 1933 et
1309 1893 1351 1932 in
1375 1892 1625 1932 elevatione
1648 1892 1771 1944 cogi·

283 1964 367 2006 tat,
402 1958 507 1997 dum
539 1971 564 1996 a
606 1957 818 2005 Domino,
853 1963 899 1996 et
935 1956 1020 1996 hoc
1053 1955 1103 1996 fit
1135 1957 1239 1996 dum
1273 1956 1480 2008 agnoscit
1513 1954 1770 2001 Dominum,

281 2033 332 2060 36
377 2020 587 2059 Divinam
630 2019 772 2071 Ipsius
813 2025 1091 2071 potestatem
1130 2032 1261 2071 super
1292 2018 1465 2058 caelum
1502 2024 1547 2058 et
1579 2024 1770 2066 terram;

283 2097 361 2136 per
401 2082 524 2122 illam
566 2082 893 2122 confessionem
935 2088 981 2122 et
1013 2081 1147 2121 fidem
1181 2082 1326 2121 cordis
1358 2080 1405 2121 fit
1443 2082 1481 2121 ei
1519 2079 1772 2132 conjunctio

282 2158 383 2186 cum
417 2145 640 2191 Domino:
683 2152 729 2185 et
762 2158 863 2185 cum
896 2144 944 2185 fit
977 2143 1244 2196 conjunctio,
1280 2151 1385 2184 tunc
1419 2145 1628 2184 interiora
1659 2157 1772 2196 quae

283 2210 449 2249 mentis
481 2208 574 2261 ejus
611 2214 729 2253 sunt.
759 2223 834 2249 seu
872 2223 985 2262 quae
1027 2206 1286 2248 intellectus
1320 2214 1365 2248 et
1388 2207 1638 2247 voluntatis
1679 2206 1771 2259 ejus

281 2277 402 2318 sunt,
431 2277 645 2311 tenentur
670 2285 695 2311 a
723 2271 919 2311 Domino
946 2272 989 2310 in
1016 2271 1258 2310 intuitione
1286 2270 1443 2322 Ipsius,
1472 2270 1591 2322 quod
1617 2268 1667 2310 fit
1694 2282 1799 2322 per·

281 2334 585 2375 elevationem
618 2348 643 2374 a
681 2335 886 2386 proprio;
930 2340 976 2374 et
1014 2346 1114 2373 cum
1148 2333 1286 2373 homo
1322 2334 1366 2372 in
1403 2332 1479 2372 illa
1515 2331 1769 2372 elevatione

282 2397 471 2450 cogitat,
497 2404 604 2437 tunc
631 2410 784 2437 verum
812 2398 987 2449 cogitat
1015 2410 1040 2436 a
1067 2396 1277 2443 Domino,
1306 2402 1351 2436 et
1384 2395 1551 2435 bonum
1583 2395 1688 2436 facit
1715 2395 1772 2435 ab

282 2461 400 2513 Ipso.
455 2460 739 2501 Contrarium
758 2461 908 2500 evenit
927 2460 1031 2499 dum
1055 2459 1193 2499 homo
1211 2459 1456 2499 dominium
1479 2459 1620 2498 ambit
1640 2473 1771 2512 super

282 2523 511 2571 mundum,
530 2523 718 2570 caelum,
737 2530 782 2563 et
806 2536 937 2575 super
956 2522 1198 2562 Dominum
1219 2536 1227 2571 ;
1261 2528 1366 2562 tunc
1386 2521 1524 2561 homo
1541 2522 1769 2574 immergit

280 2587 494 2626 interiora
520 2586 686 2625 mentis
709 2599 828 2633 suae,
853 2599 966 2638 quae
993 2590 1096 2624 sunt
1130 2585 1423 2636 cogitationis
1451 2590 1496 2624 et
1519 2583 1769 2624 voluntatis

280 2649 386 2701 ejus,
412 2662 491 2688 suo
518 2649 724 2702 proprio;
758 2655 803 2688 et
831 2649 934 2688 dum
959 2648 1096 2687 homo
1119 2648 1353 2687 immersus
1376 2653 1446 2687 est
1473 2661 1553 2687 suo
1575 2649 1767 2701 proprio,

281 2719 387 2752 tunc
421 2712 596 2764 cogitat
629 2717 674 2751 et
706 2711 803 2751 vult
836 2725 893 2751 ex
926 2710 1112 2758 inferno,
1141 2711 1205 2750 ita
1236 2709 1348 2749 falsa
1378 2716 1424 2750 et
1457 2710 1601 2750 mala:
1635 2723 1769 2750 causa

279 2781 363 2822 est,
388 2775 488 2827 quia
515 2774 740 2826 proprium
767 2773 960 2813 hominis
986 2786 1076 2813 non
1109 2779 1178 2813 est
1211 2773 1293 2812 nisi
1320 2785 1453 2825 quam
1486 2772 1668 2821 malum,
1697 2779 1767 2813 est

280 2838 398 2876 enim
425 2838 569 2889 ipsum
596 2836 762 2876 malum
795 2835 886 2887 ejus
919 2836 1250 2876 hereditarium.
1312 2835 1447 2875 Tales
1480 2836 1630 2888 itaque
1662 2841 1766 2875 sunt

281 2898 573 2952 Babylonici;
607 2912 741 2952 quare
769 2899 919 2939 omnia
946 2898 1065 2938 bona
1091 2904 1136 2939 et
1161 2911 1265 2938 vera
1292 2897 1510 2938 ecclesiae
1537 2897 1765 2938 adultera-
