<?xml version="1.0" encoding="UTF-8"?>
<!DOCTYPE html PUBLIC "-//W3C//DTD XHTML 1.0 Transitional//EN"
    "http://www.w3.org/TR/xhtml1/DTD/xhtml1-transitional.dtd">
<html xmlns="http://www.w3.org/1999/xhtml" xml:lang="en" lang="en">
 <head>
  <title>
</title>
<meta http-equiv="Content-Type" content="text/html;charset=utf-8" />
  <meta name='ocr-system' content='tesseract 3.04.00' />
  <meta name='ocr-capabilities' content='ocr_page ocr_carea ocr_par ocr_line ocrx_word'/>
</head>
<body>
  <div class='ocr_page' id='page_1' title='image "apocalypsisexpli05sweduoft_0034.png"; bbox 0 0 1962 3328; ppageno 0'>
   <div class='ocr_carea' id='block_1_1' title="bbox 225 258 1295 312">
    <p class='ocr_par' dir='ltr' id='par_1_1' title="bbox 225 258 1295 312">
     <span class='ocr_line' id='line_1_1' title="bbox 225 258 1295 312; baseline 0.002 -13"><span class='ocrx_word' id='word_1_1' title='bbox 225 269 248 299; x_wconf 90' lang='lat'><strong>2</strong></span> <span class='ocrx_word' id='word_1_2' title='bbox 256 258 336 312; x_wconf 87' lang='lat'>506</span> <span class='ocrx_word' id='word_1_3' title='bbox 635 268 967 302; x_wconf 70' lang='lat' dir='ltr'>APOCALYPSIS</span> <span class='ocrx_word' id='word_1_4' title='bbox 998 269 1295 301; x_wconf 83' lang='lat' dir='ltr'><strong>EXPLICATA.</strong></span> 
     </span>
    </p>
   </div>
   <div class='ocr_carea' id='block_1_2' title="bbox 220 381 1711 1639">
    <p class='ocr_par' dir='ltr' id='par_1_2' title="bbox 220 381 1711 1639">
     <span class='ocr_line' id='line_1_2' title="bbox 225 381 1710 427; baseline 0.001 -12"><span class='ocrx_word' id='word_1_5' title='bbox 225 381 557 427; x_wconf 84' lang='lat' dir='ltr'>propterjustum‚</span> <span class='ocrx_word' id='word_1_6' title='bbox 571 381 751 416; x_wconf 88' lang='lat' dir='ltr'>similiter</span> <span class='ocrx_word' id='word_1_7' title='bbox 765 382 988 421; x_wconf 89' lang='lat' dir='ltr'>honestum,</span> <span class='ocrx_word' id='word_1_8' title='bbox 1001 388 1069 416; x_wconf 88' lang='lat' dir='ltr'>aut</span> <span class='ocrx_word' id='word_1_9' title='bbox 1082 381 1242 427; x_wconf 86' lang='lat' dir='ltr'>aliquod</span> <span class='ocrx_word' id='word_1_10' title='bbox 1257 393 1347 416; x_wconf 90' lang='lat' dir='ltr'>vere</span> <span class='ocrx_word' id='word_1_11' title='bbox 1362 381 1578 416; x_wconf 88' lang='lat' dir='ltr'>humanum</span> <span class='ocrx_word' id='word_1_12' title='bbox 1591 392 1599 422; x_wconf 86' lang='lat'>;</span> <span class='ocrx_word' id='word_1_13' title='bbox 1620 391 1710 416; x_wconf 89' lang='lat' dir='ltr'>vere</span> 
     </span>
     <span class='ocr_line' id='line_1_3' title="bbox 225 428 1711 473; baseline 0 -11"><span class='ocrx_word' id='word_1_14' title='bbox 225 428 440 463; x_wconf 88' lang='lat' dir='ltr'>humanum</span> <span class='ocrx_word' id='word_1_15' title='bbox 459 435 518 463; x_wconf 89' lang='lat' dir='ltr'>est</span> <span class='ocrx_word' id='word_1_16' title='bbox 536 429 644 473; x_wconf 88' lang='lat' dir='ltr'>quod</span> <span class='ocrx_word' id='word_1_17' title='bbox 663 435 723 463; x_wconf 91' lang='lat' dir='ltr'>est</span> <span class='ocrx_word' id='word_1_18' title='bbox 745 439 792 463; x_wconf 86' lang='lat' dir='ltr'>ex</span> <span class='ocrx_word' id='word_1_19' title='bbox 810 429 948 463; x_wconf 90' lang='lat' dir='ltr'>ordine</span> <span class='ocrx_word' id='word_1_20' title='bbox 966 435 1006 463; x_wconf 90' lang='lat' dir='ltr'>et</span> <span class='ocrx_word' id='word_1_21' title='bbox 1024 430 1240 463; x_wconf 86' lang='lat' dir='ltr'>secundum</span> <span class='ocrx_word' id='word_1_22' title='bbox 1259 429 1449 466; x_wconf 83' lang='lat' dir='ltr'><strong>ordinem.</strong></span> <span class='ocrx_word' id='word_1_23' title='bbox 1469 435 1508 463; x_wconf 86' lang='lat' dir='ltr'>et</span> <span class='ocrx_word' id='word_1_24' title='bbox 1526 429 1632 473; x_wconf 88' lang='lat' dir='ltr'>quod</span> <span class='ocrx_word' id='word_1_25' title='bbox 1651 434 1711 462; x_wconf 85' lang='lat' dir='ltr'>est</span> 
     </span>
     <span class='ocr_line' id='line_1_4' title="bbox 224 475 1710 516; baseline -0.001 -6"><span class='ocrx_word' id='word_1_26' title='bbox 224 485 272 510; x_wconf 83' lang='lat' dir='ltr'>ex</span> <span class='ocrx_word' id='word_1_27' title='bbox 290 485 384 510; x_wconf 91' lang='lat' dir='ltr'>sana</span> <span class='ocrx_word' id='word_1_28' title='bbox 402 475 574 516; x_wconf 88' lang='lat' dir='ltr'>ratione;</span> <span class='ocrx_word' id='word_1_29' title='bbox 600 486 646 510; x_wconf 89' lang='lat' dir='ltr'>ac</span> <span class='ocrx_word' id='word_1_30' title='bbox 668 475 775 510; x_wconf 92' lang='lat' dir='ltr'>Deus</span> <span class='ocrx_word' id='word_1_31' title='bbox 793 483 853 510; x_wconf 88' lang='lat' dir='ltr'>est</span> <span class='ocrx_word' id='word_1_32' title='bbox 871 476 980 514; x_wconf 91' lang='lat' dir='ltr'>ordo,</span> <span class='ocrx_word' id='word_1_33' title='bbox 1000 483 1039 510; x_wconf 87' lang='lat' dir='ltr'>et</span> <span class='ocrx_word' id='word_1_34' title='bbox 1061 487 1108 510; x_wconf 87' lang='lat' dir='ltr'>ex</span> <span class='ocrx_word' id='word_1_35' title='bbox 1132 475 1217 510; x_wconf 90' lang='lat' dir='ltr'>Deo</span> <span class='ocrx_word' id='word_1_36' title='bbox 1235 483 1295 510; x_wconf 86' lang='lat' dir='ltr'>est</span> <span class='ocrx_word' id='word_1_37' title='bbox 1317 486 1411 510; x_wconf 88' lang='lat' dir='ltr'>sana</span> <span class='ocrx_word' id='word_1_38' title='bbox 1429 475 1551 509; x_wconf 88' lang='lat' dir='ltr'>ratio:</span> <span class='ocrx_word' id='word_1_39' title='bbox 1576 475 1710 514; x_wconf 87' lang='lat' dir='ltr'>verbo,</span> 
     </span>
     <span class='ocr_line' id='line_1_5' title="bbox 223 520 1710 567; baseline 0.001 -13"><span class='ocrx_word' id='word_1_40' title='bbox 223 520 290 565; x_wconf 90' lang='lat' dir='ltr'>qui</span> <span class='ocrx_word' id='word_1_41' title='bbox 310 532 388 555; x_wconf 90' lang='lat' dir='ltr'>non</span> <span class='ocrx_word' id='word_1_42' title='bbox 407 520 508 566; x_wconf 81' lang='lat' dir='ltr'>sugit</span> <span class='ocrx_word' id='word_1_43' title='bbox 527 522 630 555; x_wconf 88' lang='lat' dir='ltr'>mala</span> <span class='ocrx_word' id='word_1_44' title='bbox 654 527 698 555; x_wconf 92' lang='lat' dir='ltr'>ut</span> <span class='ocrx_word' id='word_1_45' title='bbox 716 528 887 566; x_wconf 89' lang='lat' dir='ltr'>peccata,</span> <span class='ocrx_word' id='word_1_46' title='bbox 907 533 985 556; x_wconf 92' lang='lat' dir='ltr'>non</span> <span class='ocrx_word' id='word_1_47' title='bbox 1004 528 1063 556; x_wconf 89' lang='lat' dir='ltr'>est</span> <span class='ocrx_word' id='word_1_48' title='bbox 1089 522 1222 556; x_wconf 91' lang='lat' dir='ltr'>homo.</span> <span class='ocrx_word' id='word_1_49' title='bbox 1273 521 1414 557; x_wconf 92' lang='lat' dir='ltr'>Omnis</span> <span class='ocrx_word' id='word_1_50' title='bbox 1432 522 1497 567; x_wconf 91' lang='lat' dir='ltr'>qui</span> <span class='ocrx_word' id='word_1_51' title='bbox 1524 521 1618 556; x_wconf 79' lang='lat' dir='ltr'>facit</span> <span class='ocrx_word' id='word_1_52' title='bbox 1644 522 1710 556; x_wconf 90' lang='lat' dir='ltr'>illa</span> 
     </span>
     <span class='ocr_line' id='line_1_6' title="bbox 224 567 1708 614; baseline 0.001 -13"><span class='ocrx_word' id='word_1_53' title='bbox 224 574 432 612; x_wconf 90' lang='lat' dir='ltr'>praecepta</span> <span class='ocrx_word' id='word_1_54' title='bbox 445 578 538 602; x_wconf 87' lang='lat' dir='ltr'>suae</span> <span class='ocrx_word' id='word_1_55' title='bbox 553 567 762 612; x_wconf 82' lang='lat' dir='ltr'>religionis,</span> <span class='ocrx_word' id='word_1_56' title='bbox 778 567 821 602; x_wconf 90' lang='lat' dir='ltr'>fit</span> <span class='ocrx_word' id='word_1_57' title='bbox 835 568 931 602; x_wconf 86' lang='lat' dir='ltr'>civis</span> <span class='ocrx_word' id='word_1_58' title='bbox 946 575 984 602; x_wconf 89' lang='lat' dir='ltr'>et</span> <span class='ocrx_word' id='word_1_59' title='bbox 1000 568 1127 603; x_wconf 88' lang='lat' dir='ltr'>incola</span> <span class='ocrx_word' id='word_1_60' title='bbox 1141 568 1236 603; x_wconf 89' lang='lat' dir='ltr'>caeli</span> <span class='ocrx_word' id='word_1_61' title='bbox 1250 581 1256 608; x_wconf 90' lang='lat'><em>;</em></span> <span class='ocrx_word' id='word_1_62' title='bbox 1278 575 1318 603; x_wconf 88' lang='lat' dir='ltr'>at</span> <span class='ocrx_word' id='word_1_63' title='bbox 1331 569 1397 614; x_wconf 91' lang='lat' dir='ltr'>qui</span> <span class='ocrx_word' id='word_1_64' title='bbox 1413 568 1507 603; x_wconf 76' lang='lat' dir='ltr'>facit</span> <span class='ocrx_word' id='word_1_65' title='bbox 1521 568 1586 603; x_wconf 87' lang='lat' dir='ltr'>illa</span> <span class='ocrx_word' id='word_1_66' title='bbox 1599 579 1708 614; x_wconf 90' lang='lat' dir='ltr'>prae-</span> 
     </span>
     <span class='ocr_line' id='line_1_7' title="bbox 223 614 1709 659; baseline 0.001 -12"><span class='ocrx_word' id='word_1_67' title='bbox 223 619 338 658; x_wconf 89' lang='lat' dir='ltr'>cepta</span> <span class='ocrx_word' id='word_1_68' title='bbox 355 625 434 648; x_wconf 90' lang='lat' dir='ltr'>non</span> <span class='ocrx_word' id='word_1_69' title='bbox 453 625 546 648; x_wconf 89' lang='lat' dir='ltr'>suae</span> <span class='ocrx_word' id='word_1_70' title='bbox 565 614 774 659; x_wconf 85' lang='lat' dir='ltr'>religionis,</span> <span class='ocrx_word' id='word_1_71' title='bbox 794 615 862 649; x_wconf 91' lang='lat' dir='ltr'>sed</span> <span class='ocrx_word' id='word_1_72' title='bbox 889 626 1012 659; x_wconf 88' lang='lat' dir='ltr'>usque</span> <span class='ocrx_word' id='word_1_73' title='bbox 1039 614 1076 648; x_wconf 90' lang='lat' dir='ltr'>in</span> <span class='ocrx_word' id='word_1_74' title='bbox 1104 615 1274 650; x_wconf 83' lang='lat' dir='ltr'>externis</span> <span class='ocrx_word' id='word_1_75' title='bbox 1292 615 1390 649; x_wconf 91' lang='lat' dir='ltr'>vivit</span> <span class='ocrx_word' id='word_1_76' title='bbox 1407 615 1624 650; x_wconf 90' lang='lat' dir='ltr'>secundum</span> <span class='ocrx_word' id='word_1_77' title='bbox 1644 615 1709 649; x_wconf 86' lang='lat' dir='ltr'>illa</span> 
     </span>
     <span class='ocr_line' id='line_1_8' title="bbox 222 660 1708 705; baseline 0.001 -11"><span class='ocrx_word' id='word_1_78' title='bbox 222 671 270 694; x_wconf 85' lang='lat' dir='ltr'>ex</span> <span class='ocrx_word' id='word_1_79' title='bbox 288 661 373 705; x_wconf 89' lang='lat' dir='ltr'>lege</span> <span class='ocrx_word' id='word_1_80' title='bbox 392 660 570 700; x_wconf 89' lang='lat' dir='ltr'>naturali,</span> <span class='ocrx_word' id='word_1_81' title='bbox 590 660 727 695; x_wconf 89' lang='lat' dir='ltr'>morali</span> <span class='ocrx_word' id='word_1_82' title='bbox 746 667 785 695; x_wconf 91' lang='lat' dir='ltr'>et</span> <span class='ocrx_word' id='word_1_83' title='bbox 803 660 919 699; x_wconf 88' lang='lat' dir='ltr'>civili,</span> <span class='ocrx_word' id='word_1_84' title='bbox 940 661 971 695; x_wconf 91' lang='lat' dir='ltr'>is</span> <span class='ocrx_word' id='word_1_85' title='bbox 997 661 1041 695; x_wconf 91' lang='lat' dir='ltr'>fit</span> <span class='ocrx_word' id='word_1_86' title='bbox 1058 661 1154 696; x_wconf 92' lang='lat' dir='ltr'>civis</span> <span class='ocrx_word' id='word_1_87' title='bbox 1173 668 1212 696; x_wconf 91' lang='lat' dir='ltr'>et</span> <span class='ocrx_word' id='word_1_88' title='bbox 1231 661 1358 696; x_wconf 88' lang='lat' dir='ltr'>incola</span> <span class='ocrx_word' id='word_1_89' title='bbox 1376 661 1523 701; x_wconf 87' lang='lat' dir='ltr'>mundi,</span> <span class='ocrx_word' id='word_1_90' title='bbox 1543 673 1622 696; x_wconf 90' lang='lat' dir='ltr'>non</span> <span class='ocrx_word' id='word_1_91' title='bbox 1641 672 1708 696; x_wconf 89' lang='lat' dir='ltr'>au-</span> 
     </span>
     <span class='ocr_line' id='line_1_9' title="bbox 222 707 1708 753; baseline 0.001 -12"><span class='ocrx_word' id='word_1_92' title='bbox 222 713 302 741; x_wconf 87' lang='lat' dir='ltr'>tem</span> <span class='ocrx_word' id='word_1_93' title='bbox 318 707 426 742; x_wconf 88' lang='lat' dir='ltr'>caeli.</span> <span class='ocrx_word' id='word_1_94' title='bbox 479 707 692 752; x_wconf 81' lang='lat' dir='ltr'>Pleraeque</span> <span class='ocrx_word' id='word_1_95' title='bbox 706 714 844 752; x_wconf 87' lang='lat' dir='ltr'>gentes</span> <span class='ocrx_word' id='word_1_96' title='bbox 863 707 992 742; x_wconf 90' lang='lat' dir='ltr'>sciunt</span> <span class='ocrx_word' id='word_1_97' title='bbox 1011 707 1075 742; x_wconf 90' lang='lat' dir='ltr'>illa</span> <span class='ocrx_word' id='word_1_98' title='bbox 1093 715 1310 753; x_wconf 87' lang='lat' dir='ltr'>praecepta,</span> <span class='ocrx_word' id='word_1_99' title='bbox 1326 715 1366 743; x_wconf 88' lang='lat' dir='ltr'>et</span> <span class='ocrx_word' id='word_1_100' title='bbox 1383 718 1540 753; x_wconf 89' lang='lat' dir='ltr'>quoque</span> <span class='ocrx_word' id='word_1_101' title='bbox 1559 707 1708 742; x_wconf 83' lang='lat' dir='ltr'>faciunt</span> 
     </span>
     <span class='ocr_line' id='line_1_10' title="bbox 223 753 1708 799; baseline 0.001 -12"><span class='ocrx_word' id='word_1_102' title='bbox 223 753 288 787; x_wconf 88' lang='lat' dir='ltr'>illa</span> <span class='ocrx_word' id='word_1_103' title='bbox 313 764 406 788; x_wconf 90' lang='lat' dir='ltr'>suae</span> <span class='ocrx_word' id='word_1_104' title='bbox 432 753 642 799; x_wconf 87' lang='lat' dir='ltr'>religionis,</span> <span class='ocrx_word' id='word_1_105' title='bbox 669 764 714 788; x_wconf 88' lang='lat' dir='ltr'>ac</span> <span class='ocrx_word' id='word_1_106' title='bbox 738 754 878 788; x_wconf 85' lang='lat' dir='ltr'>vivunt</span> <span class='ocrx_word' id='word_1_107' title='bbox 904 754 1119 788; x_wconf 88' lang='lat' dir='ltr'>secundum</span> <span class='ocrx_word' id='word_1_108' title='bbox 1148 754 1213 788; x_wconf 90' lang='lat' dir='ltr'>illa</span> <span class='ocrx_word' id='word_1_109' title='bbox 1237 755 1329 799; x_wconf 86' lang='lat' dir='ltr'>quia</span> <span class='ocrx_word' id='word_1_110' title='bbox 1356 754 1463 789; x_wconf 91' lang='lat' dir='ltr'>Deus</span> <span class='ocrx_word' id='word_1_111' title='bbox 1494 755 1532 788; x_wconf 92' lang='lat' dir='ltr'>id</span> <span class='ocrx_word' id='word_1_112' title='bbox 1558 755 1643 789; x_wconf 86' lang='lat' dir='ltr'>vult</span> <span class='ocrx_word' id='word_1_113' title='bbox 1669 761 1708 789; x_wconf 91' lang='lat' dir='ltr'>et</span> 
     </span>
     <span class='ocr_line' id='line_1_11' title="bbox 223 800 1708 846; baseline 0.001 -12"><span class='ocrx_word' id='word_1_114' title='bbox 223 800 445 839; x_wconf 89' lang='lat' dir='ltr'>mandavit;</span> <span class='ocrx_word' id='word_1_115' title='bbox 476 811 544 845; x_wconf 90' lang='lat' dir='ltr'>per</span> <span class='ocrx_word' id='word_1_116' title='bbox 563 800 600 834; x_wconf 94' lang='lat' dir='ltr'>id</span> <span class='ocrx_word' id='word_1_117' title='bbox 623 800 1024 835; x_wconf 82' lang='lat' dir='ltr'>communicationem</span> <span class='ocrx_word' id='word_1_118' title='bbox 1044 801 1191 835; x_wconf 90' lang='lat' dir='ltr'>habent</span> <span class='ocrx_word' id='word_1_119' title='bbox 1208 811 1297 835; x_wconf 89' lang='lat' dir='ltr'>cum</span> <span class='ocrx_word' id='word_1_120' title='bbox 1316 801 1435 841; x_wconf 89' lang='lat' dir='ltr'>caelo,</span> <span class='ocrx_word' id='word_1_121' title='bbox 1455 808 1494 835; x_wconf 92' lang='lat' dir='ltr'>et</span> <span class='ocrx_word' id='word_1_122' title='bbox 1519 801 1708 846; x_wconf 86' lang='lat' dir='ltr'>conjunc-</span> 
     </span>
     <span class='ocr_line' id='line_1_12' title="bbox 220 846 1708 892; baseline 0.001 -12"><span class='ocrx_word' id='word_1_123' title='bbox 220 847 371 881; x_wconf 87' lang='lat' dir='ltr'>tionem</span> <span class='ocrx_word' id='word_1_124' title='bbox 390 857 479 880; x_wconf 87' lang='lat' dir='ltr'>cum</span> <span class='ocrx_word' id='word_1_125' title='bbox 500 846 596 886; x_wconf 92' lang='lat' dir='ltr'>Deo,</span> <span class='ocrx_word' id='word_1_126' title='bbox 615 857 734 891; x_wconf 85' lang='lat' dir='ltr'>quare</span> <span class='ocrx_word' id='word_1_127' title='bbox 753 847 871 881; x_wconf 88' lang='lat' dir='ltr'>etiam</span> <span class='ocrx_word' id='word_1_128' title='bbox 891 847 1111 882; x_wconf 89' lang='lat' dir='ltr'>salvantur:</span> <span class='ocrx_word' id='word_1_129' title='bbox 1141 854 1181 881; x_wconf 90' lang='lat' dir='ltr'>at</span> <span class='ocrx_word' id='word_1_130' title='bbox 1199 847 1400 892; x_wconf 89' lang='lat' dir='ltr'>plerique&#39;</span> <span class='ocrx_word' id='word_1_131' title='bbox 1392 859 1429 881; x_wconf 80' lang='lat' dir='ltr'>in</span> <span class='ocrx_word' id='word_1_132' title='bbox 1457 848 1551 882; x_wconf 90' lang='lat' dir='ltr'>orbe</span> <span class='ocrx_word' id='word_1_133' title='bbox 1575 846 1708 882; x_wconf 90' lang='lat' dir='ltr'>Chris—</span> 
     </span>
     <span class='ocr_line' id='line_1_13' title="bbox 221 893 1708 939; baseline 0.001 -12"><span class='ocrx_word' id='word_1_134' title='bbox 221 894 331 928; x_wconf 88' lang='lat' dir='ltr'>tiano</span> <span class='ocrx_word' id='word_1_135' title='bbox 350 893 468 927; x_wconf 90' lang='lat' dir='ltr'>hodie</span> <span class='ocrx_word' id='word_1_136' title='bbox 486 904 565 928; x_wconf 91' lang='lat' dir='ltr'>non</span> <span class='ocrx_word' id='word_1_137' title='bbox 585 893 734 927; x_wconf 81' lang='lat' dir='ltr'>faciunt</span> <span class='ocrx_word' id='word_1_138' title='bbox 760 893 824 927; x_wconf 90' lang='lat' dir='ltr'>illa</span> <span class='ocrx_word' id='word_1_139' title='bbox 849 904 942 928; x_wconf 86' lang='lat' dir='ltr'>suae</span> <span class='ocrx_word' id='word_1_140' title='bbox 961 893 1170 939; x_wconf 81' lang='lat' dir='ltr'>religionis,</span> <span class='ocrx_word' id='word_1_141' title='bbox 1189 894 1258 928; x_wconf 87' lang='lat' dir='ltr'>sed</span> <span class='ocrx_word' id='word_1_142' title='bbox 1285 905 1378 928; x_wconf 88' lang='lat' dir='ltr'>suae</span> <span class='ocrx_word' id='word_1_143' title='bbox 1394 894 1499 928; x_wconf 89' lang='lat' dir='ltr'>vitae</span> <span class='ocrx_word' id='word_1_144' title='bbox 1517 894 1643 929; x_wconf 90' lang='lat' dir='ltr'>civilis</span> <span class='ocrx_word' id='word_1_145' title='bbox 1669 901 1708 929; x_wconf 91' lang='lat' dir='ltr'>et</span> 
     </span>
     <span class='ocr_line' id='line_1_14' title="bbox 223 939 1708 985; baseline 0.001 -12"><span class='ocrx_word' id='word_1_146' title='bbox 223 940 401 980; x_wconf 85' lang='lat' dir='ltr'>moralis;</span> <span class='ocrx_word' id='word_1_147' title='bbox 427 951 506 974; x_wconf 90' lang='lat' dir='ltr'>non</span> <span class='ocrx_word' id='word_1_148' title='bbox 521 946 652 974; x_wconf 87' lang='lat' dir='ltr'>autem</span> <span class='ocrx_word' id='word_1_149' title='bbox 674 939 711 973; x_wconf 91' lang='lat' dir='ltr'>in</span> <span class='ocrx_word' id='word_1_150' title='bbox 726 946 887 974; x_wconf 86' lang='lat' dir='ltr'>externa</span> <span class='ocrx_word' id='word_1_151' title='bbox 905 939 1031 974; x_wconf 77' lang='lat' dir='ltr'>forma</span> <span class='ocrx_word' id='word_1_152' title='bbox 1044 951 1167 985; x_wconf 88' lang='lat' dir='ltr'>usque</span> <span class='ocrx_word' id='word_1_153' title='bbox 1186 947 1229 974; x_wconf 91' lang='lat' dir='ltr'>ut</span> <span class='ocrx_word' id='word_1_154' title='bbox 1246 947 1469 985; x_wconf 86' lang='lat' dir='ltr'>appareant,</span> <span class='ocrx_word' id='word_1_155' title='bbox 1484 940 1708 975; x_wconf 83' lang='lat' dir='ltr'>fraudulen-</span> 
     </span>
     <span class='ocr_line' id='line_1_15' title="bbox 221 986 1708 1031; baseline 0.001 -11"><span class='ocrx_word' id='word_1_156' title='bbox 221 994 282 1021; x_wconf 89' lang='lat' dir='ltr'>ter</span> <span class='ocrx_word' id='word_1_157' title='bbox 295 993 427 1031; x_wconf 89' lang='lat' dir='ltr'>agunt,</span> <span class='ocrx_word' id='word_1_158' title='bbox 443 993 483 1021; x_wconf 89' lang='lat' dir='ltr'>et</span> <span class='ocrx_word' id='word_1_159' title='bbox 501 986 634 1020; x_wconf 89' lang='lat' dir='ltr'>illicite</span> <span class='ocrx_word' id='word_1_160' title='bbox 649 987 859 1025; x_wconf 88' lang='lat' dir='ltr'>lucrantur,</span> <span class='ocrx_word' id='word_1_161' title='bbox 874 997 954 1021; x_wconf 89' lang='lat' dir='ltr'>non</span> <span class='ocrx_word' id='word_1_162' title='bbox 968 987 1161 1021; x_wconf 89' lang='lat' dir='ltr'>adulteria</span> <span class='ocrx_word' id='word_1_163' title='bbox 1174 987 1440 1027; x_wconf 87' lang='lat' dir='ltr'>committunt,</span> <span class='ocrx_word' id='word_1_164' title='bbox 1456 998 1534 1022; x_wconf 90' lang='lat' dir='ltr'>non</span> <span class='ocrx_word' id='word_1_165' title='bbox 1553 998 1600 1022; x_wconf 84' lang='lat' dir='ltr'>ex</span> <span class='ocrx_word' id='word_1_166' title='bbox 1614 988 1708 1022; x_wconf 91' lang='lat' dir='ltr'>odio</span> 
     </span>
     <span class='ocr_line' id='line_1_16' title="bbox 223 1032 1708 1078; baseline 0.001 -11"><span class='ocrx_word' id='word_1_167' title='bbox 223 1034 468 1067; x_wconf 80' lang='lat' dir='ltr'>interneciuo</span> <span class='ocrx_word' id='word_1_168' title='bbox 487 1040 526 1067; x_wconf 89' lang='lat' dir='ltr'>et</span> <span class='ocrx_word' id='word_1_169' title='bbox 543 1032 729 1067; x_wconf 59' lang='lat' dir='ltr'>vindictis</span> <span class='ocrx_word' id='word_1_170' title='bbox 748 1033 954 1068; x_wconf 81' lang='lat' dir='ltr'>manifeste</span> <span class='ocrx_word' id='word_1_171' title='bbox 978 1040 1267 1078; x_wconf 85' lang='lat' dir='ltr'>persequuntur</span> <span class='ocrx_word' id='word_1_172' title='bbox 1283 1033 1391 1073; x_wconf 87' lang='lat' dir='ltr'>alios,</span> <span class='ocrx_word' id='word_1_173' title='bbox 1411 1044 1483 1068; x_wconf 90' lang='lat' dir='ltr'>nec</span> <span class='ocrx_word' id='word_1_174' title='bbox 1509 1033 1605 1068; x_wconf 86' lang='lat' dir='ltr'>falsa</span> <span class='ocrx_word' id='word_1_175' title='bbox 1629 1040 1708 1068; x_wconf 85' lang='lat' dir='ltr'>tes—</span> 
     </span>
     <span class='ocr_line' id='line_1_17' title="bbox 221 1079 1709 1125; baseline 0.001 -12"><span class='ocrx_word' id='word_1_176' title='bbox 221 1086 374 1120; x_wconf 89' lang='lat' dir='ltr'>tantur;</span> <span class='ocrx_word' id='word_1_177' title='bbox 406 1080 476 1114; x_wconf 86' lang='lat' dir='ltr'>sed</span> <span class='ocrx_word' id='word_1_178' title='bbox 508 1080 605 1114; x_wconf 89' lang='lat' dir='ltr'>haec</span> <span class='ocrx_word' id='word_1_179' title='bbox 635 1091 713 1114; x_wconf 90' lang='lat' dir='ltr'>non</span> <span class='ocrx_word' id='word_1_180' title='bbox 744 1079 903 1119; x_wconf 83' lang='lat' dir='ltr'>faciunt,</span> <span class='ocrx_word' id='word_1_181' title='bbox 931 1080 1039 1124; x_wconf 88' lang='lat' dir='ltr'>[non]</span> <span class='ocrx_word' id='word_1_182' title='bbox 1066 1080 1158 1125; x_wconf 87' lang='lat' dir='ltr'>quia.</span> <span class='ocrx_word' id='word_1_183' title='bbox 1184 1087 1345 1125; x_wconf 88' lang='lat' dir='ltr'>peccata</span> <span class='ocrx_word' id='word_1_184' title='bbox 1373 1087 1476 1120; x_wconf 87' lang='lat' dir='ltr'>sunt,</span> <span class='ocrx_word' id='word_1_185' title='bbox 1502 1087 1542 1115; x_wconf 91' lang='lat' dir='ltr'>et</span> <span class='ocrx_word' id='word_1_186' title='bbox 1571 1087 1709 1115; x_wconf 90' lang='lat' dir='ltr'>contra</span> 
     </span>
     <span class='ocr_line' id='line_1_18' title="bbox 223 1126 1708 1171; baseline 0.001 -11"><span class='ocrx_word' id='word_1_187' title='bbox 223 1126 362 1166; x_wconf 87' lang='lat' dir='ltr'>Deum,</span> <span class='ocrx_word' id='word_1_188' title='bbox 382 1127 450 1160; x_wconf 89' lang='lat' dir='ltr'>sed</span> <span class='ocrx_word' id='word_1_189' title='bbox 477 1126 569 1171; x_wconf 89' lang='lat' dir='ltr'>quia</span> <span class='ocrx_word' id='word_1_190' title='bbox 593 1126 736 1161; x_wconf 92' lang='lat' dir='ltr'>timent</span> <span class='ocrx_word' id='word_1_191' title='bbox 761 1137 854 1161; x_wconf 88' lang='lat' dir='ltr'>suae</span> <span class='ocrx_word' id='word_1_192' title='bbox 871 1126 986 1166; x_wconf 87' lang='lat' dir='ltr'>vitae,</span> <span class='ocrx_word' id='word_1_193' title='bbox 1006 1138 1098 1161; x_wconf 89' lang='lat' dir='ltr'>suae</span> <span class='ocrx_word' id='word_1_194' title='bbox 1125 1126 1260 1167; x_wconf 81' lang='lat' dir='ltr'>famae,</span> <span class='ocrx_word' id='word_1_195' title='bbox 1281 1138 1374 1162; x_wconf 88' lang='lat' dir='ltr'>suae</span> <span class='ocrx_word' id='word_1_196' title='bbox 1392 1126 1596 1168; x_wconf 61' lang='lat' dir='ltr'>functioni,</span> <span class='ocrx_word' id='word_1_197' title='bbox 1615 1138 1708 1162; x_wconf 86' lang='lat' dir='ltr'>suae</span> 
     </span>
     <span class='ocr_line' id='line_1_19' title="bbox 222 1173 1708 1219; baseline 0.001 -12"><span class='ocrx_word' id='word_1_198' title='bbox 222 1173 492 1218; x_wconf 87' lang='lat' dir='ltr'>negotiationi,</span> <span class='ocrx_word' id='word_1_199' title='bbox 508 1184 600 1207; x_wconf 88' lang='lat' dir='ltr'>suae</span> <span class='ocrx_word' id='word_1_200' title='bbox 619 1173 869 1218; x_wconf 84' lang='lat' dir='ltr'>possessioni,</span> <span class='ocrx_word' id='word_1_201' title='bbox 884 1184 956 1208; x_wconf 91' lang='lat' dir='ltr'>suo</span> <span class='ocrx_word' id='word_1_202' title='bbox 975 1174 1114 1208; x_wconf 87' lang='lat' dir='ltr'>honori</span> <span class='ocrx_word' id='word_1_203' title='bbox 1134 1180 1173 1208; x_wconf 88' lang='lat' dir='ltr'>et</span> <span class='ocrx_word' id='word_1_204' title='bbox 1190 1174 1309 1212; x_wconf 86' lang='lat' dir='ltr'>lucro,</span> <span class='ocrx_word' id='word_1_205' title='bbox 1326 1181 1365 1208; x_wconf 90' lang='lat' dir='ltr'>et</span> <span class='ocrx_word' id='word_1_206' title='bbox 1383 1185 1475 1208; x_wconf 87' lang='lat' dir='ltr'>suae</span> <span class='ocrx_word' id='word_1_207' title='bbox 1493 1174 1708 1219; x_wconf 86' lang='lat' dir='ltr'>voluptati;</span> 
     </span>
     <span class='ocr_line' id='line_1_20' title="bbox 221 1219 1709 1266; baseline 0.001 -13"><span class='ocrx_word' id='word_1_208' title='bbox 221 1231 340 1264; x_wconf 88' lang='lat' dir='ltr'>quare</span> <span class='ocrx_word' id='word_1_209' title='bbox 367 1219 397 1254; x_wconf 90' lang='lat' dir='ltr'>si</span> <span class='ocrx_word' id='word_1_210' title='bbox 425 1219 522 1254; x_wconf 86' lang='lat' dir='ltr'>haec</span> <span class='ocrx_word' id='word_1_211' title='bbox 547 1219 704 1254; x_wconf 88' lang='lat' dir='ltr'>vincula</span> <span class='ocrx_word' id='word_1_212' title='bbox 729 1231 808 1254; x_wconf 93' lang='lat' dir='ltr'>non</span> <span class='ocrx_word' id='word_1_213' title='bbox 836 1220 1058 1260; x_wconf 87' lang='lat' dir='ltr'>retinerent,</span> <span class='ocrx_word' id='word_1_214' title='bbox 1078 1220 1251 1255; x_wconf 81' lang='lat' dir='ltr'>facerent</span> <span class='ocrx_word' id='word_1_215' title='bbox 1278 1220 1361 1255; x_wconf 89' lang='lat' dir='ltr'>illa:</span> <span class='ocrx_word' id='word_1_216' title='bbox 1391 1220 1431 1255; x_wconf 92' lang='lat' dir='ltr'>hi</span> <span class='ocrx_word' id='word_1_217' title='bbox 1458 1220 1590 1266; x_wconf 89' lang='lat' dir='ltr'>itaque</span> <span class='ocrx_word' id='word_1_218' title='bbox 1643 1220 1709 1255; x_wconf 89' lang='lat' dir='ltr'>uia</span> 
     </span>
     <span class='ocr_line' id='line_1_21' title="bbox 222 1266 1708 1312; baseline 0.001 -12"><span class='ocrx_word' id='word_1_219' title='bbox 222 1267 367 1300; x_wconf 86' lang='lat' dir='ltr'>nullam</span> <span class='ocrx_word' id='word_1_220' title='bbox 387 1266 798 1301; x_wconf 88' lang='lat' dir='ltr'>communicationem</span> <span class='ocrx_word' id='word_1_221' title='bbox 807 1266 880 1301; x_wconf 91' lang='lat' dir='ltr'>sibi</span> <span class='ocrx_word' id='word_1_222' title='bbox 907 1266 1084 1301; x_wconf 82' lang='lat' dir='ltr'>fecerunt</span> <span class='ocrx_word' id='word_1_223' title='bbox 1110 1278 1198 1302; x_wconf 88' lang='lat' dir='ltr'>cum</span> <span class='ocrx_word' id='word_1_224' title='bbox 1225 1267 1344 1307; x_wconf 91' lang='lat' dir='ltr'>caelo,</span> <span class='ocrx_word' id='word_1_225' title='bbox 1364 1278 1435 1302; x_wconf 90' lang='lat' dir='ltr'>nec</span> <span class='ocrx_word' id='word_1_226' title='bbox 1461 1267 1606 1312; x_wconf 89' lang='lat' dir='ltr'>conjun</span> <span class='ocrx_word' id='word_1_227' title='bbox 1653 1267 1708 1301; x_wconf 89' lang='lat' dir='ltr'>io-</span> 
     </span>
     <span class='ocr_line' id='line_1_22' title="bbox 222 1312 1708 1359; baseline 0.001 -13"><span class='ocrx_word' id='word_1_228' title='bbox 222 1324 309 1347; x_wconf 90' lang='lat' dir='ltr'>nem</span> <span class='ocrx_word' id='word_1_229' title='bbox 326 1324 415 1347; x_wconf 89' lang='lat' dir='ltr'>cum</span> <span class='ocrx_word' id='word_1_230' title='bbox 436 1312 619 1352; x_wconf 92' lang='lat' dir='ltr'>Domino,</span> <span class='ocrx_word' id='word_1_231' title='bbox 635 1313 704 1347; x_wconf 91' lang='lat' dir='ltr'>sed</span> <span class='ocrx_word' id='word_1_232' title='bbox 724 1314 844 1348; x_wconf 89' lang='lat' dir='ltr'>modo</span> <span class='ocrx_word' id='word_1_233' title='bbox 858 1324 947 1347; x_wconf 90' lang='lat' dir='ltr'>cum</span> <span class='ocrx_word' id='word_1_234' title='bbox 963 1314 1112 1348; x_wconf 90' lang='lat' dir='ltr'>mundo</span> <span class='ocrx_word' id='word_1_235' title='bbox 1131 1321 1170 1348; x_wconf 91' lang='lat' dir='ltr'>et</span> <span class='ocrx_word' id='word_1_236' title='bbox 1187 1324 1276 1348; x_wconf 91' lang='lat' dir='ltr'>cum</span> <span class='ocrx_word' id='word_1_237' title='bbox 1292 1320 1427 1353; x_wconf 89' lang='lat' dir='ltr'>semet,</span> <span class='ocrx_word' id='word_1_238' title='bbox 1443 1324 1522 1348; x_wconf 93' lang='lat' dir='ltr'>non</span> <span class='ocrx_word' id='word_1_239' title='bbox 1541 1320 1708 1359; x_wconf 88' lang='lat' dir='ltr'>possunt</span> 
     </span>
     <span class='ocr_line' id='line_1_23' title="bbox 221 1359 1706 1405; baseline 0 -11"><span class='ocrx_word' id='word_1_240' title='bbox 221 1360 372 1394; x_wconf 88' lang='lat' dir='ltr'>salvari.</span> <span class='ocrx_word' id='word_1_241' title='bbox 423 1359 594 1405; x_wconf 87' lang='lat' dir='ltr'>Cogites,</span> <span class='ocrx_word' id='word_1_242' title='bbox 610 1360 705 1394; x_wconf 87' lang='lat' dir='ltr'>dum</span> <span class='ocrx_word' id='word_1_243' title='bbox 720 1367 881 1394; x_wconf 88' lang='lat' dir='ltr'>externa</span> <span class='ocrx_word' id='word_1_244' title='bbox 900 1360 964 1394; x_wconf 91' lang='lat' dir='ltr'>illa</span> <span class='ocrx_word' id='word_1_245' title='bbox 977 1361 1133 1394; x_wconf 90' lang='lat' dir='ltr'>vincula</span> <span class='ocrx_word' id='word_1_246' title='bbox 1150 1360 1222 1394; x_wconf 92' lang='lat' dir='ltr'>tibi</span> <span class='ocrx_word' id='word_1_247' title='bbox 1240 1360 1479 1400; x_wconf 83' lang='lat' dir='ltr'>auferuntur,</span> <span class='ocrx_word' id='word_1_248' title='bbox 1495 1367 1539 1395; x_wconf 89' lang='lat' dir='ltr'>ut</span> <span class='ocrx_word' id='word_1_249' title='bbox 1557 1360 1600 1394; x_wconf 87' lang='lat' dir='ltr'>fit</span> <span class='ocrx_word' id='word_1_250' title='bbox 1617 1371 1706 1395; x_wconf 89' lang='lat' dir='ltr'>cum</span> 
     </span>
     <span class='ocr_line' id='line_1_24' title="bbox 221 1406 1708 1451; baseline 0 -11"><span class='ocrx_word' id='word_1_251' title='bbox 221 1406 328 1441; x_wconf 91' lang='lat' dir='ltr'>omni</span> <span class='ocrx_word' id='word_1_252' title='bbox 349 1406 510 1441; x_wconf 89' lang='lat' dir='ltr'>homine</span> <span class='ocrx_word' id='word_1_253' title='bbox 525 1412 614 1451; x_wconf 89' lang='lat' dir='ltr'>post</span> <span class='ocrx_word' id='word_1_254' title='bbox 633 1413 811 1446; x_wconf 89' lang='lat' dir='ltr'>mortem,</span> <span class='ocrx_word' id='word_1_255' title='bbox 831 1406 862 1441; x_wconf 90' lang='lat' dir='ltr'>si</span> <span class='ocrx_word' id='word_1_256' title='bbox 882 1417 960 1441; x_wconf 89' lang='lat' dir='ltr'>non</span> <span class='ocrx_word' id='word_1_257' title='bbox 981 1407 1133 1441; x_wconf 88' lang='lat' dir='ltr'>interna</span> <span class='ocrx_word' id='word_1_258' title='bbox 1146 1407 1312 1446; x_wconf 89' lang='lat' dir='ltr'>vincula,</span> <span class='ocrx_word' id='word_1_259' title='bbox 1327 1417 1427 1451; x_wconf 91' lang='lat' dir='ltr'>quae</span> <span class='ocrx_word' id='word_1_260' title='bbox 1446 1413 1537 1442; x_wconf 89' lang='lat' dir='ltr'>sunt</span> <span class='ocrx_word' id='word_1_261' title='bbox 1554 1406 1708 1441; x_wconf 86' lang='lat' dir='ltr'>timoris</span> 
     </span>
     <span class='ocr_line' id='line_1_25' title="bbox 221 1453 1705 1498; baseline -0.001 -10"><span class='ocrx_word' id='word_1_262' title='bbox 221 1460 261 1488; x_wconf 88' lang='lat' dir='ltr'>et</span> <span class='ocrx_word' id='word_1_263' title='bbox 286 1454 431 1488; x_wconf 90' lang='lat' dir='ltr'>amoris</span> <span class='ocrx_word' id='word_1_264' title='bbox 452 1453 535 1493; x_wconf 90' lang='lat' dir='ltr'>Dei,</span> <span class='ocrx_word' id='word_1_265' title='bbox 556 1453 610 1487; x_wconf 90' lang='lat' dir='ltr'>ita</span> <span class='ocrx_word' id='word_1_266' title='bbox 636 1453 846 1498; x_wconf 91' lang='lat' dir='ltr'>religionis,</span> <span class='ocrx_word' id='word_1_267' title='bbox 865 1460 905 1488; x_wconf 88' lang='lat' dir='ltr'>te</span> <span class='ocrx_word' id='word_1_268' title='bbox 931 1454 1154 1488; x_wconf 89' lang='lat' dir='ltr'>detinerent</span> <span class='ocrx_word' id='word_1_269' title='bbox 1171 1460 1209 1488; x_wconf 92' lang='lat' dir='ltr'>et</span> <span class='ocrx_word' id='word_1_270' title='bbox 1236 1454 1489 1493; x_wconf 88' lang='lat' dir='ltr'>retraherent,</span> <span class='ocrx_word' id='word_1_271' title='bbox 1508 1464 1640 1488; x_wconf 89' lang='lat' dir='ltr'>annon</span> <span class='ocrx_word' id='word_1_272' title='bbox 1668 1453 1705 1487; x_wconf 92' lang='lat' dir='ltr'>in</span> 
     </span>
     <span class='ocr_line' id='line_1_26' title="bbox 221 1499 1708 1545; baseline 0.001 -12"><span class='ocrx_word' id='word_1_273' title='bbox 221 1499 349 1534; x_wconf 92' lang='lat' dir='ltr'>omnis</span> <span class='ocrx_word' id='word_1_274' title='bbox 363 1500 517 1545; x_wconf 91' lang='lat' dir='ltr'>generis</span> <span class='ocrx_word' id='word_1_275' title='bbox 531 1501 644 1539; x_wconf 83' lang='lat' dir='ltr'>furta,</span> <span class='ocrx_word' id='word_1_276' title='bbox 660 1499 862 1539; x_wconf 84' lang='lat' dir='ltr'>adulteria,</span> <span class='ocrx_word' id='word_1_277' title='bbox 878 1511 1003 1540; x_wconf 89' lang='lat' dir='ltr'>neces,</span> <span class='ocrx_word' id='word_1_278' title='bbox 1018 1499 1115 1534; x_wconf 83' lang='lat' dir='ltr'>falsa</span> <span class='ocrx_word' id='word_1_279' title='bbox 1127 1500 1355 1534; x_wconf 89' lang='lat' dir='ltr'>testimonia</span> <span class='ocrx_word' id='word_1_280' title='bbox 1372 1507 1411 1534; x_wconf 89' lang='lat' dir='ltr'>et</span> <span class='ocrx_word' id='word_1_281' title='bbox 1428 1500 1708 1545; x_wconf 90' lang='lat' dir='ltr'>concupiscen-</span> 
     </span>
     <span class='ocr_line' id='line_1_27' title="bbox 220 1546 1708 1591; baseline 0.001 -11"><span class='ocrx_word' id='word_1_282' title='bbox 220 1547 306 1586; x_wconf 87' lang='lat' dir='ltr'>tias,</span> <span class='ocrx_word' id='word_1_283' title='bbox 325 1558 371 1581; x_wconf 86' lang='lat' dir='ltr'>ex</span> <span class='ocrx_word' id='word_1_284' title='bbox 396 1557 530 1581; x_wconf 90' lang='lat' dir='ltr'>amore</span> <span class='ocrx_word' id='word_1_285' title='bbox 556 1557 703 1586; x_wconf 91' lang='lat' dir='ltr'>eorum,</span> <span class='ocrx_word' id='word_1_286' title='bbox 723 1546 778 1581; x_wconf 87' lang='lat' dir='ltr'>ita</span> <span class='ocrx_word' id='word_1_287' title='bbox 803 1557 851 1581; x_wconf 86' lang='lat' dir='ltr'>ex</span> <span class='ocrx_word' id='word_1_288' title='bbox 867 1547 1044 1591; x_wconf 86' lang='lat' dir='ltr'>jucundo</span> <span class='ocrx_word' id='word_1_289' title='bbox 1062 1558 1209 1586; x_wconf 91' lang='lat' dir='ltr'>eorum,</span> <span class='ocrx_word' id='word_1_290' title='bbox 1228 1547 1330 1581; x_wconf 87' lang='lat' dir='ltr'>sicut</span> <span class='ocrx_word' id='word_1_291' title='bbox 1348 1547 1538 1586; x_wconf 88' lang='lat' dir='ltr'>diabolus,</span> <span class='ocrx_word' id='word_1_292' title='bbox 1558 1556 1708 1581; x_wconf 87' lang='lat' dir='ltr'>rueres:</span> 
     </span>
     <span class='ocr_line' id='line_1_28' title="bbox 221 1593 937 1639; baseline 0 -11"><span class='ocrx_word' id='word_1_293' title='bbox 221 1594 327 1639; x_wconf 91' lang='lat' dir='ltr'>quod</span> <span class='ocrx_word' id='word_1_294' title='bbox 348 1593 402 1628; x_wconf 87' lang='lat' dir='ltr'>ita</span> <span class='ocrx_word' id='word_1_295' title='bbox 419 1593 480 1633; x_wconf 91' lang='lat' dir='ltr'>sit,</span> <span class='ocrx_word' id='word_1_296' title='bbox 500 1593 618 1628; x_wconf 89' lang='lat' dir='ltr'>etiam</span> <span class='ocrx_word' id='word_1_297' title='bbox 636 1593 717 1628; x_wconf 91' lang='lat' dir='ltr'>vidi</span> <span class='ocrx_word' id='word_1_298' title='bbox 737 1599 776 1628; x_wconf 89' lang='lat' dir='ltr'>et</span> <span class='ocrx_word' id='word_1_299' title='bbox 794 1593 937 1628; x_wconf 87' lang='lat' dir='ltr'>audivi.</span> 
     </span>
    </p>
   </div>
   <div class='ocr_carea' id='block_1_3' title="bbox 216 1722 1709 2338">
    <p class='ocr_par' dir='ltr' id='par_1_3' title="bbox 216 1722 1709 2338">
     <span class='ocr_line' id='line_1_29' title="bbox 301 1722 1709 1776; baseline 0.001 -13"><span class='ocrx_word' id='word_1_300' title='bbox 301 1732 439 1775; x_wconf 83' lang='lat'><strong>949.</strong></span> <span class='ocrx_word' id='word_1_301' title='bbox 471 1732 576 1770; x_wconf 78' lang='lat' dir='ltr'>[Vm.</span> <span class='ocrx_word' id='word_1_302' title='bbox 593 1733 636 1770; x_wconf 85' lang='lat'>6.]</span> <span class='ocrx_word' id='word_1_303' title='bbox 668 1722 745 1762; x_wconf 69' lang='lat' dir='ltr'>“ft</span> <span class='ocrx_word' id='word_1_304' title='bbox 771 1722 982 1762; x_wconf 67' lang='lat' dir='ltr'>exiverunt</span> <span class='ocrx_word' id='word_1_305' title='bbox 1006 1727 1159 1775; x_wconf 74' lang='lat' dir='ltr'>septem</span> <span class='ocrx_word' id='word_1_306' title='bbox 1184 1723 1323 1776; x_wconf 74' lang='lat' dir='ltr'>anyeli</span> <span class='ocrx_word' id='word_1_307' title='bbox 1340 1723 1534 1764; x_wconf 70' lang='lat' dir='ltr'>habentes</span> <span class='ocrx_word' id='word_1_308' title='bbox 1556 1727 1709 1775; x_wconf 72' lang='lat' dir='ltr'>septem</span> 
     </span>
     <span class='ocr_line' id='line_1_30' title="bbox 216 1785 1708 1839; baseline 0.001 -14"><span class='ocrx_word' id='word_1_309' title='bbox 216 1787 378 1838; x_wconf 65' lang='lat' dir='ltr'>plagas,</span> <span class='ocrx_word' id='word_1_310' title='bbox 402 1799 424 1825; x_wconf 84' lang='lat' dir='ltr'>e</span> <span class='ocrx_word' id='word_1_311' title='bbox 454 1785 831 1838; x_wconf 70' lang='lat' dir='ltr'>templo.&#39;&#39;—Quod</span> <span class='ocrx_word' id='word_1_312' title='bbox 863 1786 1086 1839; x_wconf 86' lang='lat' dir='ltr'>significet</span> <span class='ocrx_word' id='word_1_313' title='bbox 1112 1787 1215 1827; x_wconf 82' lang='lat' dir='ltr'>inde</span> <span class='ocrx_word' id='word_1_314' title='bbox 1244 1787 1537 1838; x_wconf 74' lang='lat' dir='ltr'>mamfestata</span> <span class='ocrx_word' id='word_1_315' title='bbox 1560 1787 1708 1828; x_wconf 82' lang='lat' dir='ltr'>omnia</span> 
     </span>
     <span class='ocr_line' id='line_1_31' title="bbox 221 1850 1709 1902; baseline 0.001 -12"><span class='ocrx_word' id='word_1_316' title='bbox 221 1850 341 1890; x_wconf 80' lang='lat' dir='ltr'>mala</span> <span class='ocrx_word' id='word_1_317' title='bbox 363 1857 403 1890; x_wconf 86' lang='lat' dir='ltr'>et</span> <span class='ocrx_word' id='word_1_318' title='bbox 423 1850 523 1890; x_wconf 82' lang='lat' dir='ltr'>inde</span> <span class='ocrx_word' id='word_1_319' title='bbox 531 1850 677 1901; x_wconf 83' lang='lat' dir='ltr'>falsa,</span> <span class='ocrx_word' id='word_1_320' title='bbox 698 1850 890 1902; x_wconf 82' lang='lat' dir='ltr'>acfalsa</span> <span class='ocrx_word' id='word_1_321' title='bbox 911 1857 953 1890; x_wconf 85' lang='lat' dir='ltr'>et</span> <span class='ocrx_word' id='word_1_322' title='bbox 968 1850 1068 1890; x_wconf 79' lang='lat' dir='ltr'>inde</span> <span class='ocrx_word' id='word_1_323' title='bbox 1089 1850 1219 1897; x_wconf 83' lang='lat' dir='ltr'>mala,</span> <span class='ocrx_word' id='word_1_324' title='bbox 1240 1864 1349 1902; x_wconf 79' lang='lat' dir='ltr'>quae</span> <span class='ocrx_word' id='word_1_325' title='bbox 1365 1851 1709 1891; x_wconf 81' lang='lat' dir='ltr'>devastaverunt</span> 
     </span>
     <span class='ocr_line' id='line_1_32' title="bbox 220 1912 1705 1966; baseline 0 -14"><span class='ocrx_word' id='word_1_326' title='bbox 220 1913 450 1959; x_wconf 81' lang='lat' dir='ltr'>ecclesiam,</span> <span class='ocrx_word' id='word_1_327' title='bbox 471 1919 653 1952; x_wconf 84' lang='lat' dir='ltr'>constat</span> <span class='ocrx_word' id='word_1_328' title='bbox 676 1927 734 1952; x_wconf 86' lang='lat' dir='ltr'>ex</span> <span class='ocrx_word' id='word_1_329' title='bbox 759 1912 1088 1965; x_wconf 85' lang='lat' dir='ltr'>significatione</span> <span class='ocrx_word' id='word_1_330' title='bbox 1109 1917 1134 1932; x_wconf 80' lang='lat'>‘⁴</span> <span class='ocrx_word' id='word_1_331' title='bbox 1150 1912 1454 1965; x_wconf 85' lang='lat' dir='ltr'>angelorum‚”</span> <span class='ocrx_word' id='word_1_332' title='bbox 1473 1913 1591 1966; x_wconf 90' lang='lat' dir='ltr'>quod</span> <span class='ocrx_word' id='word_1_333' title='bbox 1615 1914 1705 1953; x_wconf 91' lang='lat' dir='ltr'>sint</span> 
     </span>
     <span class='ocr_line' id='line_1_33' title="bbox 221 1973 1706 2026; baseline 0 -12"><span class='ocrx_word' id='word_1_334' title='bbox 221 1974 617 2014; x_wconf 85' lang='lat' dir='ltr'>manifestationes</span> <span class='ocrx_word' id='word_1_335' title='bbox 654 1986 702 2021; x_wconf 86' lang='lat' dir='ltr'>(ut</span> <span class='ocrx_word' id='word_1_336' title='bbox 721 1993 825 2022; x_wconf 82' lang='lat' dir='ltr'>supra,</span> <span class='ocrx_word' id='word_1_337' title='bbox 846 1993 876 2014; x_wconf 90' lang='lat' dir='ltr'>n.</span> <span class='ocrx_word' id='word_1_338' title='bbox 894 1974 987 2026; x_wconf 83' lang='lat'>869,</span> <span class='ocrx_word' id='word_1_339' title='bbox 1005 1975 1237 2025; x_wconf 79' lang='lat'>878,883&gt;;</span> <span class='ocrx_word' id='word_1_340' title='bbox 1279 1988 1338 2013; x_wconf 89' lang='lat' dir='ltr'>ex</span> <span class='ocrx_word' id='word_1_341' title='bbox 1374 1973 1706 2026; x_wconf 80' lang='lat' dir='ltr'>significatione</span> 
     </span>
     <span class='ocr_line' id='line_1_34' title="bbox 223 2037 1705 2090; baseline 0 -12"><span class='ocrx_word' id='word_1_342' title='bbox 223 2038 482 2090; x_wconf 63' lang='lat' dir='ltr'>“septem’&#39;</span> <span class='ocrx_word' id='word_1_343' title='bbox 506 2038 625 2090; x_wconf 88' lang='lat' dir='ltr'>quod</span> <span class='ocrx_word' id='word_1_344' title='bbox 652 2039 741 2078; x_wconf 90' lang='lat' dir='ltr'>sint</span> <span class='ocrx_word' id='word_1_345' title='bbox 767 2038 920 2078; x_wconf 89' lang='lat' dir='ltr'>omnia</span> <span class='ocrx_word' id='word_1_346' title='bbox 946 2044 992 2077; x_wconf 91' lang='lat' dir='ltr'>et</span> <span class='ocrx_word' id='word_1_347' title='bbox 1019 2051 1203 2090; x_wconf 88' lang='lat' dir='ltr'>prorsus</span> <span class='ocrx_word' id='word_1_348' title='bbox 1229 2049 1283 2085; x_wconf 86' lang='lat' dir='ltr'>(de</span> <span class='ocrx_word' id='word_1_349' title='bbox 1298 2057 1371 2085; x_wconf 84' lang='lat' dir='ltr'>qua,</span> <span class='ocrx_word' id='word_1_350' title='bbox 1387 2057 1417 2076; x_wconf 88' lang='lat' dir='ltr'>n.</span> <span class='ocrx_word' id='word_1_351' title='bbox 1435 2046 1528 2089; x_wconf 85' lang='lat'>257,</span> <span class='ocrx_word' id='word_1_352' title='bbox 1546 2037 1705 2088; x_wconf 72' lang='lat'>[¹¹300);</span> 
     </span>
     <span class='ocr_line' id='line_1_35' title="bbox 221 2098 1706 2152; baseline 0 -14"><span class='ocrx_word' id='word_1_353' title='bbox 221 2113 280 2139; x_wconf 88' lang='lat' dir='ltr'>ex</span> <span class='ocrx_word' id='word_1_354' title='bbox 307 2098 635 2151; x_wconf 86' lang='lat' dir='ltr'>significatione</span> <span class='ocrx_word' id='word_1_355' title='bbox 661 2098 973 2151; x_wconf 83' lang='lat' dir='ltr'>“plagarum‚’&#39;</span> <span class='ocrx_word' id='word_1_356' title='bbox 996 2099 1115 2152; x_wconf 89' lang='lat' dir='ltr'>quod</span> <span class='ocrx_word' id='word_1_357' title='bbox 1142 2100 1230 2139; x_wconf 89' lang='lat' dir='ltr'>sint</span> <span class='ocrx_word' id='word_1_358' title='bbox 1259 2099 1367 2139; x_wconf 83' lang='lat' dir='ltr'>talia</span> <span class='ocrx_word' id='word_1_359' title='bbox 1389 2113 1502 2152; x_wconf 87' lang='lat' dir='ltr'>quae</span> <span class='ocrx_word' id='word_1_360' title='bbox 1528 2098 1706 2138; x_wconf 84' lang='lat' dir='ltr'>destru-</span> 
     </span>
     <span class='ocr_line' id='line_1_36' title="bbox 222 2161 1705 2214; baseline 0 -13"><span class='ocrx_word' id='word_1_361' title='bbox 222 2168 301 2202; x_wconf 90' lang='lat' dir='ltr'>unt</span> <span class='ocrx_word' id='word_1_362' title='bbox 327 2163 468 2201; x_wconf 90' lang='lat' dir='ltr'>vitam</span> <span class='ocrx_word' id='word_1_363' title='bbox 496 2161 787 2214; x_wconf 88' lang='lat' dir='ltr'>spiritualem,</span> <span class='ocrx_word' id='word_1_364' title='bbox 815 2161 1001 2214; x_wconf 90' lang='lat' dir='ltr'>proinde</span> <span class='ocrx_word' id='word_1_365' title='bbox 1026 2161 1278 2209; x_wconf 84' lang='lat' dir='ltr'>ecclesiam,</span> <span class='ocrx_word' id='word_1_366' title='bbox 1307 2175 1420 2214; x_wconf 89' lang='lat' dir='ltr'>quae</span> <span class='ocrx_word' id='word_1_367' title='bbox 1453 2168 1556 2202; x_wconf 90' lang='lat' dir='ltr'>sunt</span> <span class='ocrx_word' id='word_1_368' title='bbox 1582 2163 1705 2214; x_wconf 90' lang='lat' dir='ltr'>cupi-</span> 
     </span>
     <span class='ocr_line' id='line_1_37' title="bbox 222 2222 1704 2276; baseline 0 -14"><span class='ocrx_word' id='word_1_369' title='bbox 222 2223 391 2263; x_wconf 86' lang='lat' dir='ltr'>ditates</span> <span class='ocrx_word' id='word_1_370' title='bbox 418 2236 476 2262; x_wconf 85' lang='lat' dir='ltr'>ex</span> <span class='ocrx_word' id='word_1_371' title='bbox 503 2236 657 2262; x_wconf 88' lang='lat' dir='ltr'>amore</span> <span class='ocrx_word' id='word_1_372' title='bbox 684 2222 805 2276; x_wconf 86' lang='lat' dir='ltr'>malo</span> <span class='ocrx_word' id='word_1_373' title='bbox 836 2228 882 2262; x_wconf 89' lang='lat' dir='ltr'>et</span> <span class='ocrx_word' id='word_1_374' title='bbox 912 2222 1142 2261; x_wconf 86' lang='lat' dir='ltr'>falsitates</span> <span class='ocrx_word' id='word_1_375' title='bbox 1174 2233 1229 2270; x_wconf 81' lang='lat' dir='ltr'>(de</span> <span class='ocrx_word' id='word_1_376' title='bbox 1243 2241 1361 2269; x_wconf 57' lang='lat' dir='ltr'>quam.</span> <span class='ocrx_word' id='word_1_377' title='bbox 1381 2223 1490 2273; x_wconf 87' lang='grc'>584),</span> <span class='ocrx_word' id='word_1_378' title='bbox 1515 2222 1704 2274; x_wconf 88' lang='lat' dir='ltr'>proinde</span> 
     </span>
     <span class='ocr_line' id='line_1_38' title="bbox 222 2285 1704 2338; baseline -0.001 -12"><span class='ocrx_word' id='word_1_379' title='bbox 222 2287 341 2326; x_wconf 88' lang='lat' dir='ltr'>mala</span> <span class='ocrx_word' id='word_1_380' title='bbox 367 2293 412 2327; x_wconf 90' lang='lat' dir='ltr'>et</span> <span class='ocrx_word' id='word_1_381' title='bbox 439 2287 542 2326; x_wconf 91' lang='lat' dir='ltr'>inde</span> <span class='ocrx_word' id='word_1_382' title='bbox 568 2286 693 2334; x_wconf 84' lang='lat' dir='ltr'>falsa,</span> <span class='ocrx_word' id='word_1_383' title='bbox 721 2299 772 2326; x_wconf 96' lang='grc'>36</span> <span class='ocrx_word' id='word_1_384' title='bbox 799 2285 910 2325; x_wconf 88' lang='lat' dir='ltr'>falsa</span> <span class='ocrx_word' id='word_1_385' title='bbox 936 2292 982 2326; x_wconf 92' lang='lat' dir='ltr'>et</span> <span class='ocrx_word' id='word_1_386' title='bbox 1009 2286 1111 2325; x_wconf 89' lang='lat' dir='ltr'>inde</span> <span class='ocrx_word' id='word_1_387' title='bbox 1139 2285 1283 2336; x_wconf 88' lang='lat' dir='ltr'>mala;</span> <span class='ocrx_word' id='word_1_388' title='bbox 1321 2292 1367 2326; x_wconf 89' lang='lat' dir='ltr'>et</span> <span class='ocrx_word' id='word_1_389' title='bbox 1394 2300 1452 2326; x_wconf 87' lang='lat' dir='ltr'>ex</span> <span class='ocrx_word' id='word_1_390' title='bbox 1479 2285 1704 2338; x_wconf 87' lang='lat' dir='ltr'>significa-</span> 
     </span>
    </p>
   </div>
   <div class='ocr_carea' id='block_1_4' title="bbox 221 2346 1728 2400">
    <p class='ocr_par' dir='ltr' id='par_1_4' title="bbox 221 2346 1728 2400">
     <span class='ocr_line' id='line_1_39' title="bbox 221 2346 1728 2400; baseline -0.003 -13"><span class='ocrx_word' id='word_1_391' title='bbox 221 2349 346 2387; x_wconf 88' lang='lat' dir='ltr'>tione</span> <span class='ocrx_word' id='word_1_392' title='bbox 371 2347 609 2400; x_wconf 80' lang='lat' dir='ltr'>“templi,&#39;’</span> <span class='ocrx_word' id='word_1_393' title='bbox 632 2347 751 2400; x_wconf 91' lang='lat' dir='ltr'>quod</span> <span class='ocrx_word' id='word_1_394' title='bbox 778 2347 836 2387; x_wconf 88' lang='lat' dir='ltr'>sit</span> <span class='ocrx_word' id='word_1_395' title='bbox 859 2346 1063 2386; x_wconf 90' lang='lat' dir='ltr'>Verbum</span> <span class='ocrx_word' id='word_1_396' title='bbox 1087 2347 1273 2387; x_wconf 86' lang='lat' dir='ltr'>interius</span> <span class='ocrx_word' id='word_1_397' title='bbox 1295 2347 1547 2387; x_wconf 88' lang='lat' dir='ltr'>revelatum</span> <span class='ocrx_word' id='word_1_398' title='bbox 1574 2358 1628 2393; x_wconf 83' lang='lat' dir='ltr'>(de</span> <span class='ocrx_word' id='word_1_399' title='bbox 1643 2366 1728 2394; x_wconf 86' lang='lat' dir='ltr'>qua.</span> 
     </span>
    </p>
   </div>
   <div class='ocr_carea' id='block_1_5' title="bbox 221 2405 1706 2955">
    <p class='ocr_par' dir='ltr' id='par_1_5' title="bbox 221 2405 1706 2955">
     <span class='ocr_line' id='line_1_40' title="bbox 221 2405 1706 2458; baseline 0.001 -13"><span class='ocrx_word' id='word_1_400' title='bbox 221 2418 251 2445; x_wconf 87' lang='lat' dir='ltr'>in</span> <span class='ocrx_word' id='word_1_401' title='bbox 269 2426 342 2445; x_wconf 90' lang='lat' dir='ltr'>mox</span> <span class='ocrx_word' id='word_1_402' title='bbox 357 2418 566 2454; x_wconf 88' lang='lat' dir='ltr'>praecedente</span> <span class='ocrx_word' id='word_1_403' title='bbox 581 2417 755 2456; x_wconf 77' lang='lat' dir='ltr'>articulo);</span> <span class='ocrx_word' id='word_1_404' title='bbox 791 2420 851 2446; x_wconf 74' lang='lat' dir='ltr'>CX</span> <span class='ocrx_word' id='word_1_405' title='bbox 882 2406 950 2445; x_wconf 87' lang='lat' dir='ltr'>hlS</span> <span class='ocrx_word' id='word_1_406' title='bbox 981 2412 1111 2458; x_wconf 75' lang='lat' dir='ltr'>patet</span> <span class='ocrx_word' id='word_1_407' title='bbox 1148 2406 1268 2458; x_wconf 83' lang='lat' dir='ltr'>qUOd</span> <span class='ocrx_word' id='word_1_408' title='bbox 1304 2419 1383 2458; x_wconf 73' lang='lat' dir='ltr'>per</span> <span class='ocrx_word' id='word_1_409' title='bbox 1410 2405 1706 2447; x_wconf 75' lang='lat' dir='ltr'>“EXiVCI&#39;Unt</span> 
     </span>
     <span class='ocr_line' id='line_1_41' title="bbox 223 2466 1705 2520; baseline -0.001 -12"><span class='ocrx_word' id='word_1_410' title='bbox 223 2474 397 2520; x_wconf 85' lang='lat' dir='ltr'>septem</span> <span class='ocrx_word' id='word_1_411' title='bbox 430 2468 581 2520; x_wconf 87' lang='lat' dir='ltr'>angeli</span> <span class='ocrx_word' id='word_1_412' title='bbox 613 2467 835 2508; x_wconf 86' lang='lat' dir='ltr'>habentes</span> <span class='ocrx_word' id='word_1_413' title='bbox 867 2473 1043 2519; x_wconf 84' lang='lat' dir='ltr'>septem</span> <span class='ocrx_word' id='word_1_414' title='bbox 1076 2466 1235 2519; x_wconf 89' lang='lat' dir='ltr'>plagas</span> <span class='ocrx_word' id='word_1_415' title='bbox 1266 2481 1289 2506; x_wconf 91' lang='lat' dir='ltr'>e</span> <span class='ocrx_word' id='word_1_416' title='bbox 1325 2466 1536 2519; x_wconf 87' lang='lat' dir='ltr'>templo‚‘&#39;</span> <span class='ocrx_word' id='word_1_417' title='bbox 1567 2467 1705 2519; x_wconf 90' lang='lat' dir='ltr'>signi·</span> 
     </span>
     <span class='ocr_line' id='line_1_42' title="bbox 223 2522 1706 2583; baseline -0.001 -13"><span class='ocrx_word' id='word_1_418' title='bbox 223 2530 379 2570; x_wconf 86' lang='lat' dir='ltr'>ficetur</span> <span class='ocrx_word' id='word_1_419' title='bbox 411 2531 529 2583; x_wconf 89' lang='lat' dir='ltr'>quod</span> <span class='ocrx_word' id='word_1_420' title='bbox 562 2544 619 2570; x_wconf 85' lang='lat' dir='ltr'>ex</span> <span class='ocrx_word' id='word_1_421' title='bbox 652 2530 807 2570; x_wconf 87' lang='lat' dir='ltr'>Verbo</span> <span class='ocrx_word' id='word_1_422' title='bbox 840 2536 886 2570; x_wconf 91' lang='lat' dir='ltr'>et</span> <span class='ocrx_word' id='word_1_423' title='bbox 924 2543 983 2570; x_wconf 84' lang='lat' dir='ltr'>ex</span> <span class='ocrx_word' id='word_1_424' title='bbox 1020 2542 1152 2569; x_wconf 86' lang='lat' dir='ltr'>sensu</span> <span class='ocrx_word' id='word_1_425' title='bbox 1190 2529 1281 2580; x_wconf 84' lang='lat' dir='ltr'>ejus</span> <span class='ocrx_word' id='word_1_426' title='bbox 1313 2522 1530 2581; x_wconf 84' lang='lat' dir='ltr'>spirituali</span> <span class='ocrx_word' id='word_1_427' title='bbox 1562 2530 1706 2569; x_wconf 89' lang='lat' dir='ltr'>mani-</span> 
     </span>
     <span class='ocr_line' id='line_1_43' title="bbox 223 2590 1705 2639; baseline 0 -7"><span class='ocrx_word' id='word_1_428' title='bbox 223 2593 389 2632; x_wconf 86' lang='lat' dir='ltr'>festata</span> <span class='ocrx_word' id='word_1_429' title='bbox 426 2594 514 2632; x_wconf 87' lang='lat' dir='ltr'>sint</span> <span class='ocrx_word' id='word_1_430' title='bbox 552 2592 702 2632; x_wconf 87' lang='lat' dir='ltr'>omnia</span> <span class='ocrx_word' id='word_1_431' title='bbox 739 2591 857 2632; x_wconf 87' lang='lat' dir='ltr'>mala</span> <span class='ocrx_word' id='word_1_432' title='bbox 893 2598 939 2632; x_wconf 89' lang='lat' dir='ltr'>et</span> <span class='ocrx_word' id='word_1_433' title='bbox 980 2591 1083 2631; x_wconf 91' lang='lat' dir='ltr'>inde</span> <span class='ocrx_word' id='word_1_434' title='bbox 1120 2591 1244 2639; x_wconf 84' lang='lat' dir='ltr'>falsa,</span> <span class='ocrx_word' id='word_1_435' title='bbox 1279 2604 1329 2631; x_wconf 92' lang='grc'>36</span> <span class='ocrx_word' id='word_1_436' title='bbox 1367 2590 1477 2630; x_wconf 85' lang='lat' dir='ltr'>salsa</span> <span class='ocrx_word' id='word_1_437' title='bbox 1514 2597 1560 2632; x_wconf 90' lang='lat' dir='ltr'>et</span> <span class='ocrx_word' id='word_1_438' title='bbox 1601 2591 1705 2632; x_wconf 91' lang='lat' dir='ltr'>inde</span> 
     </span>
     <span class='ocr_line' id='line_1_44' title="bbox 225 2653 1705 2707; baseline 0 -13"><span class='ocrx_word' id='word_1_439' title='bbox 225 2654 357 2702; x_wconf 87' lang='lat' dir='ltr'>mala,</span> <span class='ocrx_word' id='word_1_440' title='bbox 401 2669 514 2707; x_wconf 87' lang='lat' dir='ltr'>quae</span> <span class='ocrx_word' id='word_1_441' title='bbox 556 2655 908 2695; x_wconf 85' lang='lat' dir='ltr'>devastaverunt</span> <span class='ocrx_word' id='word_1_442' title='bbox 950 2653 1201 2694; x_wconf 88' lang='lat' dir='ltr'>ecclesiam.</span> <span class='ocrx_word' id='word_1_443' title='bbox 1273 2653 1459 2701; x_wconf 88' lang='lat' dir='ltr'>Dicitur,</span> <span class='ocrx_word' id='word_1_444' title='bbox 1499 2653 1618 2694; x_wconf 86' lang='lat' dir='ltr'>mala</span> <span class='ocrx_word' id='word_1_445' title='bbox 1659 2661 1705 2694; x_wconf 90' lang='lat' dir='ltr'>et</span> 
     </span>
     <span class='ocr_line' id='line_1_45' title="bbox 224 2715 1706 2768; baseline -0.001 -11"><span class='ocrx_word' id='word_1_446' title='bbox 224 2718 327 2757; x_wconf 89' lang='lat' dir='ltr'>inde</span> <span class='ocrx_word' id='word_1_447' title='bbox 355 2717 477 2766; x_wconf 88' lang='lat' dir='ltr'>salsa,</span> <span class='ocrx_word' id='word_1_448' title='bbox 506 2731 556 2757; x_wconf 92' lang='lat' dir='ltr'>ac</span> <span class='ocrx_word' id='word_1_449' title='bbox 584 2717 694 2757; x_wconf 86' lang='lat' dir='ltr'>falsa</span> <span class='ocrx_word' id='word_1_450' title='bbox 720 2724 766 2757; x_wconf 88' lang='lat' dir='ltr'>et</span> <span class='ocrx_word' id='word_1_451' title='bbox 798 2716 901 2757; x_wconf 83' lang='lat' dir='ltr'>inde</span> <span class='ocrx_word' id='word_1_452' title='bbox 931 2716 1064 2763; x_wconf 86' lang='lat' dir='ltr'>mala,</span> <span class='ocrx_word' id='word_1_453' title='bbox 1093 2717 1194 2768; x_wconf 88' lang='lat' dir='ltr'>quia</span> <span class='ocrx_word' id='word_1_454' title='bbox 1220 2715 1489 2767; x_wconf 83' lang='lat' dir='ltr'>intelligitur</span> <span class='ocrx_word' id='word_1_455' title='bbox 1514 2715 1706 2756; x_wconf 85' lang='lat' dir='ltr'>ecclesia</span> 
     </span>
     <span class='ocr_line' id='line_1_46' title="bbox 225 2777 1705 2832; baseline -0.001 -13"><span class='ocrx_word' id='word_1_456' title='bbox 225 2780 342 2832; x_wconf 87' lang='lat' dir='ltr'>apud</span> <span class='ocrx_word' id='word_1_457' title='bbox 371 2779 641 2827; x_wconf 86' lang='lat' dir='ltr'>Pontificios,</span> <span class='ocrx_word' id='word_1_458' title='bbox 667 2786 712 2819; x_wconf 90' lang='lat' dir='ltr'>et</span> <span class='ocrx_word' id='word_1_459' title='bbox 740 2779 931 2819; x_wconf 88' lang='lat' dir='ltr'>ecclesia</span> <span class='ocrx_word' id='word_1_460' title='bbox 954 2778 1071 2831; x_wconf 89' lang='lat' dir='ltr'>apud</span> <span class='ocrx_word' id='word_1_461' title='bbox 1099 2777 1410 2818; x_wconf 83' lang='lat' dir='ltr'>Reformatos:</span> <span class='ocrx_word' id='word_1_462' title='bbox 1445 2778 1561 2830; x_wconf 90' lang='lat' dir='ltr'>apud</span> <span class='ocrx_word' id='word_1_463' title='bbox 1589 2778 1705 2818; x_wconf 91' lang='lat' dir='ltr'>Pon-</span> 
     </span>
     <span class='ocr_line' id='line_1_47' title="bbox 225 2839 1703 2892; baseline -0.001 -11"><span class='ocrx_word' id='word_1_464' title='bbox 225 2841 399 2889; x_wconf 86' lang='lat' dir='ltr'>tificios,</span> <span class='ocrx_word' id='word_1_465' title='bbox 434 2842 552 2882; x_wconf 89' lang='lat' dir='ltr'>mala</span> <span class='ocrx_word' id='word_1_466' title='bbox 589 2849 634 2882; x_wconf 84' lang='lat' dir='ltr'>et</span> <span class='ocrx_word' id='word_1_467' title='bbox 672 2843 774 2882; x_wconf 90' lang='lat' dir='ltr'>inde</span> <span class='ocrx_word' id='word_1_468' title='bbox 810 2841 921 2881; x_wconf 88' lang='lat' dir='ltr'>falsa</span> <span class='ocrx_word' id='word_1_469' title='bbox 952 2842 1246 2880; x_wconf 89' lang='lat' dir='ltr'>devastarunt</span> <span class='ocrx_word' id='word_1_470' title='bbox 1279 2839 1543 2889; x_wconf 88' lang='lat' dir='ltr'>ecclesiam;</span> <span class='ocrx_word' id='word_1_471' title='bbox 1586 2841 1703 2892; x_wconf 90' lang='lat' dir='ltr'>apud</span> 
     </span>
     <span class='ocr_line' id='line_1_48' title="bbox 226 2902 1704 2955; baseline -0.001 -11"><span class='ocrx_word' id='word_1_472' title='bbox 226 2904 514 2945; x_wconf 84' lang='lat' dir='ltr'>Reformatos</span> <span class='ocrx_word' id='word_1_473' title='bbox 540 2912 691 2945; x_wconf 88' lang='lat' dir='ltr'>autem</span> <span class='ocrx_word' id='word_1_474' title='bbox 718 2904 829 2944; x_wconf 85' lang='lat' dir='ltr'>salsa</span> <span class='ocrx_word' id='word_1_475' title='bbox 857 2910 903 2944; x_wconf 86' lang='lat' dir='ltr'>et</span> <span class='ocrx_word' id='word_1_476' title='bbox 935 2903 1038 2944; x_wconf 91' lang='lat' dir='ltr'>inde</span> <span class='ocrx_word' id='word_1_477' title='bbox 1066 2903 1196 2943; x_wconf 85' lang='lat' dir='ltr'>mala.</span> <span class='ocrx_word' id='word_1_478' title='bbox 1259 2902 1380 2942; x_wconf 86' lang='lat' dir='ltr'>Mala</span> <span class='ocrx_word' id='word_1_479' title='bbox 1407 2903 1522 2955; x_wconf 88' lang='lat' dir='ltr'>apud</span> <span class='ocrx_word' id='word_1_480' title='bbox 1551 2903 1704 2943; x_wconf 87' lang='lat' dir='ltr'>Ponti-</span> 
     </span>
    </p>
   </div>
  </div>
 </body>
</html>
