1962 3328
391 256 498 312 cAlss.
519 257 616 298 xv„
639 257 916 290 CONTENTA
940 258 1177 291 VERSUUM
1203 258 1240 302 5,
1261 250 1410 290 6.-x.
1433 259 1529 302 947.
1600 259 1708 301 2503

297 367 365 400 “si
387 368 555 400 deserunt
573 369 634 399 filii
653 368 731 408 ejus
750 369 865 409 legem
886 379 1012 406 meam,
1031 376 1067 401 et
1090 370 1126 400 in
1145 369 1287 409 judiciis
1311 370 1399 400 meis
1424 379 1495 400 non
1515 370 1709 407 ambulant,

404 412 435 442 si
451 418 583 443 statuta
599 421 678 443 mea
693 412 893 452 profanant,
910 419 945 443 et
962 420 1151 452 praecepta
1169 423 1250 443 mea
1269 423 1341 443 non
1357 419 1529 450 servant„
1543 413 1710 443 .visitabo

404 455 505 495 virga
519 455 858 495 praevaricationem
875 466 998 487 eorum
1010 456 1029 467 ''
1048 456 1120 495 (Ps.
1137 456 1268 487 lxxxix.
1286 464 1391 494 31-33
1410 454 1471 497 [B.
1485 457 1532 487 A.
1549 454 1687 496 30-32J)
1702 465 1710 491 ;

231 542 466 590 praeterea
489 538 627 577 etiam
653 537 817 590 pluries
842 537 947 577 alibi

304 611 369 651 (Ut
385 611 494 643 Levit.
513 612 609 644 xviii.
633 620 672 650 5:
699 622 775 652 (Ἃρ.
794 613 863 644 xix.
883 620 948 651 37:
975 622 1049 652 cap.
1069 623 1126 644 xx.
1143 621 1207 647 22:
1235 622 1311 652 cap.
1330 623 1410 644 xxv.
1430 613 1490 649 18;
1518 622 1595 652 cap.
1616 612 1711 645 xxvi.

407 663 465 693 15:
497 655 618 686 Deutr.
638 656 683 687 iv.
706 664 744 691 1:
774 665 849 695 cap.
869 666 901 686 v.
929 664 956 692 1,
979 656 1010 692 6,
1035 664 1074 694 7;
1105 666 1178 696 cap.
1200 654 1316 687 mxvii.
1339 664 1399 695 19;
1430 666 1506 695 cap.
1529 656 1623 686 xxvi.
1650 663 1709 693 17:

402 698 525 729 Ezech.
545 709 576 730 v.
596 699 627 736 6,
652 706 692 737 7;
722 709 797 739 cap.
817 700 862 730 xi.
884 707 935 735 12.
955 707 1018 735 20;
1050 709 1125 739 cap.
1143 700 1239 730 xviii.
1259 709 1300 739 9:
1332 709 1406 739 cap.
1426 709 1484 730 xx.
1506 707 1556 736 11,
1578 706 1627 737 13,
1648 706 1710 736 25;

404 751 479 781 cap.
495 742 625 773 xxxvii.
643 742 708 780 24)-

232 833 316 874 Per
352 833 664 887 “praecepta'’
698 835 742 874 in
782 834 870 874 illis
910 834 1021 875 locis
1061 834 1376 887 intelliguntur
1412 834 1537 886 leges
1573 835 1707 881 vitae,

231 896 446 949 imprimis
471 910 584 950 quae
609 898 653 936 in
678 897 901 949 decalogo
926 904 1045 943 sunt,
1072 911 1187 950 quae
1217 897 1320 937 ideo
1345 904 1565 937 vocantur
1592 897 1709 936 “de—

231 971 331 998 cem
356 966 599 1011 praecepta
615 958 651 1008 ;‘’
681 973 759 1012 per
786 964 811 979 ⁴·
828 959 1034 999 statuta”
1058 967 1212 999 autem
1243 959 1559 1011 intelliguntur
1584 958 1710 1011 leges

233 1020 395 1067 cultus,
423 1034 536 1074 quae
562 1022 775 1074 imprimis
798 1028 926 1062 erant
952 1022 1010 1062 de
1034 1021 1273 1068 sacrificiis,
1297 1034 1348 1061 ac
1371 1021 1428 1061 de
1454 1021 1710 1061 ministeriis

231 1081 424 1133 sanctim
461 1096 511 1123 ac
544 1097 622 1136 per
649 1083 877 1135 “judicia’'
902 1083 1218 1135 intelliguntur
1243 1083 1369 1135 leges
1401 1083 1568 1129 civiles,
1596 1096 1710 1136 quae

232 1143 358 1197 leges
379 1145 480 1198 quia
501 1146 914 1197 repraesentativae
936 1145 1231 1198 spiritualium
1253 1153 1398 1192 erant,
1423 1159 1502 1198 per
1522 1145 1599 1184 illa
1621 1146 1711 1197 sig-

233 1205 471 1247 nificantur
495 1207 659 1247 Divina
682 1221 801 1256 vera,
828 1207 978 1261 qualia
1002 1215 1107 1248 sunt
1133 1209 1177 1247 in
1202 1221 1343 1260 regno
1369 1207 1587 1261 spirituali
1614 1207 1710 1248 Do-

230 1269 338 1308 mini
361 1269 406 1309 in
431 1269 580 1309 caelis.

230 1359 426 1384 (asama

229 1391 331 1427 Cum
358 1393 489 1438 itaque
513 1392 635 1428 homo
659 1392 760 1439 fugit
785 1400 825 1428 et
849 1400 1051 1428 aversatur
1074 1395 1177 1429 mala
1201 1401 1246 1429 ut
1270 1401 1440 1439 peccata,
1465 1405 1512 1429 ac
1536 1394 1711 1430 elevatus

229 1446 291 1474 oet
313 1450 338 1474 a
363 1439 536 1474 Domino
562 1440 601 1474 in
618 1440 781 1479 caelum,
799 1441 1054 1485 consequitur
1069 1442 1176 1486 quod
1195 1452 1275 1476 non
1292 1441 1461 1486 amplius
1487 1441 1525 1475 in
1552 1442 1711 1486 proprio

229 1496 303 1520 suo
318 1485 380 1526 sit,
398 1487 467 1521 sed
494 1486 533 1520 in
560 1485 744 1526 Domino,
762 1494 803 1521 et
824 1486 919 1533 inde
944 1487 1051 1532 quod
1074 1488 1223 1533 cogitet
1247 1494 1289 1522 et
1311 1488 1407 1522 velit
1431 1489 1545 1522 bona.
1596 1487 1711 1522 Nunc

229 1532 323 1578 quia
338 1532 459 1567 homo
475 1532 578 1567 sicut
597 1533 747 1579 cogitat
771 1540 811 1568 et
826 1534 923 1573 vult,
942 1534 997 1568 ita
1021 1534 1140 1568 etiam
1166 1534 1271 1574 facit,
1289 1545 1407 1569 omne
1432 1534 1537 1569 enim
1563 1533 1709 1568 fac‘tum

229 1578 403 1613 hominis
420 1579 598 1624 procedit
614 1590 662 1614 ex
678 1579 918 1625 cogitatione
937 1581 1151 1615 voluntatis
1175 1581 1271 1626 ejus,
1291 1581 1382 1615 inde
1408 1581 1549 1615 iterum
1574 1592 1711 1615 conse·

229 1625 364 1670 quitur
377 1626 485 1671 quod
502 1636 592 1660 cum
610 1626 732 1660 homo
750 1627 851 1661 maja
869 1626 969 1672 fugit
986 1635 1027 1662 et
1043 1635 1255 1667 aversatur,
1273 1627 1391 1662 faciat
1408 1629 1512 1662 bona
1529 1638 1607 1662 non
1629 1638 1652 1662 a
1669 1639 1711 1663 se

229 1672 299 1706 sed
323 1682 348 1706 a
372 1671 556 1707 Domino.
607 1672 704 1707 Inde
730 1684 834 1707 nunc
862 1681 923 1708 est
946 1674 1054 1719 quod
1079 1674 1214 1719 fugere
1240 1675 1342 1708 mala
1366 1674 1418 1709 sit
1442 1674 1570 1708 facere
1596 1675 1711 1708 bona.

231 1717 469 1764 Bona.quae
493 1719 615 1754 homo
638 1726 734 1754 tunc
758 1719 853 1754 facit
879 1720 1151 1766 intelliguntur
1168 1732 1238 1766 per
1260 1721 1365 1755 bona
1389 1731 1518 1766 opera,
1536 1731 1582 1755 ac
1607 1722 1712 1755 bona

229 1775 350 1810 opera
373 1765 413 1799 in
438 1772 526 1800 toto
550 1766 757 1810 complexu
783 1767 1057 1812 intelliguntur
1073 1778 1142 1812 per
1165 1767 1411 1802 charitatem.
1461 1766 1565 1813 Quia
1590 1767 1711 1802 homo

230 1821 310 1846 non
327 1811 528 1846 reformari
546 1819 688 1857 potest,
706 1812 781 1847 nisi
798 1813 957 1859 cogitet,
974 1813 1071 1848 velit
1086 1820 1127 1848 et
1144 1813 1261 1848 faciat
1277 1814 1380 1848 sicut
1404 1825 1453 1848 ex
1472 1825 1525 1854 se,
1545 1814 1585 1848 id
1603 1814 1710 1859 quod

228 1857 332 1892 sicut
347 1858 397 1892 ab
415 1857 501 1903 ipso
518 1858 679 1893 homine
703 1858 749 1893 fit
772 1860 1028 1905 conjungitur
1043 1860 1079 1894 ei
1105 1867 1145 1894 et
1170 1867 1304 1895 manet
1319 1861 1425 1905 apud
1443 1861 1574 1901 illum;
1602 1861 1710 1906 quod

229 1911 363 1940 autem
388 1916 467 1940 non
493 1905 595 1940 sicut
623 1916 671 1939 ex
700 1906 787 1950 ipso
812 1906 973 1941 homine
998 1906 1052 1945 fit.
1079 1907 1165 1945 hoc,
1191 1908 1284 1953 quia
1308 1919 1387 1942 non
1414 1908 1553 1952 recipit
1577 1909 1710 1953 aliqua

231 1951 313 1986 vita
328 1962 476 1990 sensus,
490 1951 690 1986 transfluit
706 1952 809 1986 sicut
826 1953 983 1993 aether;
1010 1953 1099 1988 ideo
1111 1954 1199 1988 vult
1219 1954 1414 1989 Dominus
1433 1962 1477 1988 ut
1495 1955 1617 1989 homo
1631 1965 1710 1989 non

229 1997 351 2032 modo
367 1997 492 2043 fugiat
512 2004 553 2032 et
575 2005 778 2033 aversetur
794 1999 896 2033 mala
910 1999 1014 2034 sicut
1037 2010 1061 2034 a
1084 2010 1137 2039 se,
1155 2000 1224 2034 sed
1242 2000 1362 2034 etiam
1380 2000 1539 2046 cogitet,
1557 2001 1653 2035 velit
1670 2008 1711 2036 et

228 2042 347 2085 saciat
361 2043 465 2078 sicut
488 2054 537 2079 ex
560 2055 614 2084 se,
631 2045 700 2079 sed
724 2056 847 2090 usque
863 2053 1053 2091 agnoscat
1069 2047 1187 2081 corde
1208 2047 1316 2092 quod
1341 2047 1476 2082 omnia
1494 2047 1559 2082 illa
1582 2047 1663 2083 sint
1686 2058 1711 2082 a

230 2088 415 2126 Domino.
465 2089 555 2126 Hoc
571 2098 760 2137 agnoscet
774 2091 868 2138 quia
883 2099 944 2127 est
960 2103 1107 2127 verum.

846 2269 983 2294 vssnsus
1006 2270 1035 2301 5,
1052 2263 1084 2295 6.

385 2340 436 2384 ⁷·
474 2347 493 2358 ¹¹
500 2345 535 2371 ft
551 2347 620 2376 poet
636 2346 708 2372 haec
726 2346 791 2376 vidi.
808 2348 839 2372 et
856 2353 922 2373 cccc
939 2349 1072 2378 apertum
1090 2349 1139 2374 cst
1156 2349 1291 2380 templum
1310 2348 1491 2374 tabernaculi
1502 2349 1663 2376 testimonii
1679 2351 1710 2376 in

226 2385 316 2410 eaelo.
352 2386 388 2411 tt
401 2385 553 2411 exiverunt
566 2387 679 2416 septem
694 2386 791 2418 anqcli
807 2386 947 2412 nubentes
962 2389 1073 2418 septem
1087 2389 1190 2420 plagas
1209 2395 1225 2414 c
1242 2390 1357 2420 templo,
1373 2389 1467 2414 induti
1483 2389 1541 2415 lino
1559 2392 1663 2416 mundo
1679 2394 1710 2418 ct

226 2422 387 2454 splendido.
401 2424 432 2449 et
442 2423 641 2449 circumcincti
654 2423 732 2449 circa
746 2425 866 2455 pectora
880 2425 964 2451 tunic
978 2425 1111 2451 aureis.¹'

271 2501 304 2537 5.
335 2494 399 2528 Ἐἰ
414 2497 497 2538 post
517 2495 603 2528 hacc
620 2495 695 2533 ridi,
712 2498 750 2529 ct
770 2506 850 2530 cccc
867 2499 1023 2539 apertum
1043 2500 1099 2530 cst
1114 2499 1275 2539 templum
1294 2498 1510 2532 tabernaculi
1526 2500 1714 2535 testimonii

401 2539 435 2572 in
451 2540 575 2576 caclo?
586 2539 745 2581 signifioet
759 2551 781 2572 a
794 2541 942 2572 Domino
956 2541 1134 2594 Divinun(
1158 2543 1277 2573 Verum
1296 2543 1333 2573 in
1353 2543 1450 2575 Verbo
1466 2545 1609 2577 interius
1623 2557 1710 2578 reve-

402 2583 509 2614 latum
527 2583 578 2626 [n-
595 2583 693 2626 948]-

271 2645 304 2680 6.
336 2646 398 2681 Ἐἰ
411 2646 590 2681 exiverunt
603 2650 735 2691 septem
750 2649 866 2692 angeli
876 2649 1040 2683 habentes
1054 2653 1187 2693 septem
1199 2651 1334 2694 plagas,
1351 2661 1371 2685 c
1387 2653 1540 2695 templo?
1548 2653 1710 2695 significat

402 2692 480 2723 inde
494 2692 707 2734 manfistata
722 2694 835 2724 omnia
852 2695 941 2724 mala
956 2699 988 2724 et
1002 2695 1079 2725 inde
1084 2695 1191 2736 faho,
1210 2706 1249 2725 ac
1261 2696 1358 2737 falsa
1374 2701 1405 2726 et
1414 2698 1492 2727 inde
1507 2699 1611 2734 mala,
1626 2710 1710 2740 quae

400 2736 665 2773 devastaverunt
681 2737 844 2768 ecclesiam
871 2737 922 2780 [n.
939 2737 1043 2779 949];
1069 2738 1200 2770 “induti
1221 2738 1287 2771 lino
1310 2740 1433 2772 mundo
1448 2743 1486 2773 ct
1506 2742 1709 2782 splendida*

401 2778 560 2820 Signifioex
568 2784 633 2820 per
646 2780 820 2812 Divinum
845 2781 964 2811 Verum
980 2792 1037 2812 seu
1058 2782 1196 2812 Verbum
1213 2783 1250 2813 in
1266 2794 1361 2814 sensu
1376 2785 1550 2825 spirituali
1567 2785 1616 2828 [n.
1630 2795 1651 2826 9
1654 2794 1708 2826 5ο,

400 2821 483 2864 951]
496 2833 507 2861 ς
532 2826 590 2855 ‘ct
598 2822 832 2856 circumcincti
840 2824 931 2857 cit-ca
938 2828 1079 2867 pectora
1091 2825 1189 2858 tonis
1202 2826 1347 2863 aureis.’'
1358 2827 1517 2868 signifimt
1532 2828 1707 2862 Divinum

403 2865 539 2897 Bonum
553 2867 727 2909 spirituale
742 2869 911 2900 continens
925 2879 1007 2900 vera
1024 2870 1061 2900 in
1077 2871 1195 2900 ordine
1209 2875 1240 2901 et
1254 2871 1291 2901 in
1308 2881 1398 2903 nexu
1416 2871 1468 2915 [n.
1484 2872 1582 2915 952}
