<?xml version="1.0" encoding="UTF-8"?>
<!DOCTYPE html PUBLIC "-//W3C//DTD XHTML 1.0 Transitional//EN"
    "http://www.w3.org/TR/xhtml1/DTD/xhtml1-transitional.dtd">
<html xmlns="http://www.w3.org/1999/xhtml" xml:lang="en" lang="en">
 <head>
  <title>
</title>
<meta http-equiv="Content-Type" content="text/html;charset=utf-8" />
  <meta name='ocr-system' content='tesseract 3.04.00' />
  <meta name='ocr-capabilities' content='ocr_page ocr_carea ocr_par ocr_line ocrx_word'/>
</head>
<body>
  <div class='ocr_page' id='page_1' title='image "apocalypsisexpli05sweduoft_0098.png"; bbox 0 0 1962 3328; ppageno 0'>
   <div class='ocr_carea' id='block_1_1' title="bbox 318 270 1392 314">
    <p class='ocr_par' dir='ltr' id='par_1_1' title="bbox 318 270 1392 314">
     <span class='ocr_line' id='line_1_1' title="bbox 318 270 1392 314; baseline 0.004 -12"><span class='ocrx_word' id='word_1_1' title='bbox 318 270 430 314; x_wconf 82' lang='lat'>2570</span> <span class='ocrx_word' id='word_1_2' title='bbox 731 271 1061 304; x_wconf 88' lang='lat' dir='ltr'>APOCALYPSIS</span> <span class='ocrx_word' id='word_1_3' title='bbox 1094 273 1392 306; x_wconf 86' lang='lat' dir='ltr'>EXPLICATA.</span> 
     </span>
    </p>
   </div>
   <div class='ocr_carea' id='block_1_2' title="bbox 310 383 1810 900">
    <p class='ocr_par' dir='ltr' id='par_1_2' title="bbox 310 383 1810 900">
     <span class='ocr_line' id='line_1_2' title="bbox 314 383 1809 431; baseline 0.004 -14"><span class='ocrx_word' id='word_1_4' title='bbox 314 394 448 418; x_wconf 88' lang='lat' dir='ltr'>amore</span> <span class='ocrx_word' id='word_1_5' title='bbox 467 383 680 429; x_wconf 85' lang='lat' dir='ltr'>conjugiali</span> <span class='ocrx_word' id='word_1_6' title='bbox 701 384 969 429; x_wconf 82' lang='lat' dir='ltr'>principaliter</span> <span class='ocrx_word' id='word_1_7' title='bbox 987 384 1143 419; x_wconf 81' lang='lat' dir='ltr'>residet.</span> <span class='ocrx_word' id='word_1_8' title='bbox 1195 384 1312 431; x_wconf 71' lang='lat' dir='ltr'>Quod</span> <span class='ocrx_word' id='word_1_9' title='bbox 1333 397 1407 431; x_wconf 85' lang='lat' dir='ltr'>pax</span> <span class='ocrx_word' id='word_1_10' title='bbox 1430 386 1480 421; x_wconf 93' lang='lat' dir='ltr'>sit</span> <span class='ocrx_word' id='word_1_11' title='bbox 1499 387 1658 422; x_wconf 88' lang='lat' dir='ltr'>beatum</span> <span class='ocrx_word' id='word_1_12' title='bbox 1676 388 1809 424; x_wconf 88' lang='lat' dir='ltr'>cordis</span> 
     </span>
     <span class='ocr_line' id='line_1_3' title="bbox 314 431 1807 476; baseline 0.004 -12"><span class='ocrx_word' id='word_1_13' title='bbox 314 438 353 465; x_wconf 92' lang='lat' dir='ltr'>et</span> <span class='ocrx_word' id='word_1_14' title='bbox 373 431 526 465; x_wconf 87' lang='lat' dir='ltr'>animae</span> <span class='ocrx_word' id='word_1_15' title='bbox 546 431 758 465; x_wconf 85' lang='lat' dir='ltr'>oriundum</span> <span class='ocrx_word' id='word_1_16' title='bbox 778 442 825 465; x_wconf 86' lang='lat' dir='ltr'>ex</span> <span class='ocrx_word' id='word_1_17' title='bbox 844 431 1126 476; x_wconf 65' lang='lat' dir='ltr'>conjunctione</span> <span class='ocrx_word' id='word_1_18' title='bbox 1148 432 1309 466; x_wconf 88' lang='lat' dir='ltr'>Domini</span> <span class='ocrx_word' id='word_1_19' title='bbox 1329 444 1418 467; x_wconf 90' lang='lat' dir='ltr'>cum</span> <span class='ocrx_word' id='word_1_20' title='bbox 1440 435 1550 469; x_wconf 90' lang='lat' dir='ltr'>caelo</span> <span class='ocrx_word' id='word_1_21' title='bbox 1571 441 1611 469; x_wconf 91' lang='lat' dir='ltr'>et</span> <span class='ocrx_word' id='word_1_22' title='bbox 1632 436 1807 474; x_wconf 89' lang='lat' dir='ltr'>ecclesia,</span> 
     </span>
     <span class='ocr_line' id='line_1_4' title="bbox 315 477 1810 522; baseline 0.004 -11"><span class='ocrx_word' id='word_1_23' title='bbox 315 477 369 511; x_wconf 90' lang='lat' dir='ltr'>ita</span> <span class='ocrx_word' id='word_1_24' title='bbox 387 488 545 522; x_wconf 90' lang='lat' dir='ltr'>quoque</span> <span class='ocrx_word' id='word_1_25' title='bbox 565 489 612 512; x_wconf 83' lang='lat' dir='ltr'>ex</span> <span class='ocrx_word' id='word_1_26' title='bbox 633 477 916 522; x_wconf 68' lang='lat' dir='ltr'>eonjunffione</span> <span class='ocrx_word' id='word_1_27' title='bbox 944 479 1037 512; x_wconf 87' lang='lat' dir='ltr'>boni</span> <span class='ocrx_word' id='word_1_28' title='bbox 1065 486 1104 512; x_wconf 88' lang='lat' dir='ltr'>et</span> <span class='ocrx_word' id='word_1_29' title='bbox 1122 480 1215 518; x_wconf 88' lang='lat' dir='ltr'>veri,</span> <span class='ocrx_word' id='word_1_30' title='bbox 1235 487 1413 514; x_wconf 80' lang='lat' dir='ltr'>cessante</span> <span class='ocrx_word' id='word_1_31' title='bbox 1440 481 1547 515; x_wconf 89' lang='lat' dir='ltr'>omni</span> <span class='ocrx_word' id='word_1_32' title='bbox 1574 482 1742 516; x_wconf 89' lang='lat' dir='ltr'>discidio</span> <span class='ocrx_word' id='word_1_33' title='bbox 1769 489 1810 517; x_wconf 89' lang='lat' dir='ltr'>et</span> 
     </span>
     <span class='ocr_line' id='line_1_5' title="bbox 315 524 1810 574; baseline 0.003 -16"><span class='ocrx_word' id='word_1_34' title='bbox 315 535 447 570; x_wconf 85' lang='lat' dir='ltr'>pugna</span> <span class='ocrx_word' id='word_1_35' title='bbox 466 525 556 558; x_wconf 89' lang='lat' dir='ltr'>mali</span> <span class='ocrx_word' id='word_1_36' title='bbox 574 532 613 559; x_wconf 86' lang='lat' dir='ltr'>et</span> <span class='ocrx_word' id='word_1_37' title='bbox 626 524 711 559; x_wconf 85' lang='lat' dir='ltr'>falsi</span> <span class='ocrx_word' id='word_1_38' title='bbox 731 536 819 558; x_wconf 91' lang='lat' dir='ltr'>cum</span> <span class='ocrx_word' id='word_1_39' title='bbox 841 526 946 559; x_wconf 90' lang='lat' dir='ltr'>bono</span> <span class='ocrx_word' id='word_1_40' title='bbox 965 532 1005 559; x_wconf 89' lang='lat' dir='ltr'>et</span> <span class='ocrx_word' id='word_1_41' title='bbox 1019 536 1124 565; x_wconf 89' lang='lat' dir='ltr'>vero,</span> <span class='ocrx_word' id='word_1_42' title='bbox 1137 526 1319 560; x_wconf 89' lang='lat' dir='ltr'>videatur</span> <span class='ocrx_word' id='word_1_43' title='bbox 1333 538 1450 572; x_wconf 89' lang='lat' dir='ltr'>supra</span> <span class='ocrx_word' id='word_1_44' title='bbox 1466 531 1509 567; x_wconf 89' lang='lat' dir='ltr'>(n.</span> <span class='ocrx_word' id='word_1_45' title='bbox 1527 528 1608 572; x_wconf 88' lang='lat'><strong>365)</strong></span> <span class='ocrx_word' id='word_1_46' title='bbox 1626 540 1632 568; x_wconf 89' lang='lat'><em>;</em></span> <span class='ocrx_word' id='word_1_47' title='bbox 1660 535 1699 563; x_wconf 91' lang='lat' dir='ltr'>et</span> <span class='ocrx_word' id='word_1_48' title='bbox 1717 529 1810 574; x_wconf 89' lang='lat' dir='ltr'>quia</span> 
     </span>
     <span class='ocr_line' id='line_1_6' title="bbox 313 572 1807 621; baseline 0.003 -16"><span class='ocrx_word' id='word_1_49' title='bbox 313 582 425 606; x_wconf 86' lang='lat' dir='ltr'>amor</span> <span class='ocrx_word' id='word_1_50' title='bbox 450 572 686 617; x_wconf 85' lang='lat' dir='ltr'>conjugialis</span> <span class='ocrx_word' id='word_1_51' title='bbox 714 572 919 606; x_wconf 90' lang='lat' dir='ltr'>descendit</span> <span class='ocrx_word' id='word_1_52' title='bbox 950 583 996 606; x_wconf 87' lang='lat' dir='ltr'>ex</span> <span class='ocrx_word' id='word_1_53' title='bbox 1030 573 1104 607; x_wconf 88' lang='lat' dir='ltr'>illis</span> <span class='ocrx_word' id='word_1_54' title='bbox 1139 573 1499 618; x_wconf 68' lang='lat' dir='ltr'>conjunffiouibus,</span> <span class='ocrx_word' id='word_1_55' title='bbox 1528 575 1617 609; x_wconf 94' lang='lat' dir='ltr'>ideo</span> <span class='ocrx_word' id='word_1_56' title='bbox 1646 586 1807 621; x_wconf 89' lang='lat' dir='ltr'>quoque</span> 
     </span>
     <span class='ocr_line' id='line_1_7' title="bbox 313 619 1808 663; baseline 0.003 -11"><span class='ocrx_word' id='word_1_57' title='bbox 313 629 432 652; x_wconf 89' lang='lat' dir='ltr'>omne</span> <span class='ocrx_word' id='word_1_58' title='bbox 450 619 670 663; x_wconf 89' lang='lat' dir='ltr'>jucundum</span> <span class='ocrx_word' id='word_1_59' title='bbox 693 619 795 652; x_wconf 88' lang='lat' dir='ltr'>illius</span> <span class='ocrx_word' id='word_1_60' title='bbox 814 619 960 653; x_wconf 86' lang='lat' dir='ltr'>amoris</span> <span class='ocrx_word' id='word_1_61' title='bbox 979 620 1183 653; x_wconf 88' lang='lat' dir='ltr'>descendit</span> <span class='ocrx_word' id='word_1_62' title='bbox 1203 628 1242 654; x_wconf 86' lang='lat' dir='ltr'>et</span> <span class='ocrx_word' id='word_1_63' title='bbox 1260 621 1381 654; x_wconf 87' lang='lat' dir='ltr'>trahit</span> <span class='ocrx_word' id='word_1_64' title='bbox 1400 622 1610 656; x_wconf 80' lang='lat' dir='ltr'>essentiam</span> <span class='ocrx_word' id='word_1_65' title='bbox 1630 633 1740 657; x_wconf 87' lang='lat' dir='ltr'>suam</span> <span class='ocrx_word' id='word_1_66' title='bbox 1760 634 1808 657; x_wconf 82' lang='lat' dir='ltr'>ex</span> 
     </span>
     <span class='ocr_line' id='line_1_8' title="bbox 311 665 1808 714; baseline 0.003 -14"><span class='ocrx_word' id='word_1_67' title='bbox 311 665 471 700; x_wconf 87' lang='lat' dir='ltr'>caelesti</span> <span class='ocrx_word' id='word_1_68' title='bbox 489 676 594 710; x_wconf 90' lang='lat' dir='ltr'>pace.</span> <span class='ocrx_word' id='word_1_69' title='bbox 647 665 728 699; x_wconf 86' lang='lat' dir='ltr'>Pax</span> <span class='ocrx_word' id='word_1_70' title='bbox 749 666 813 700; x_wconf 88' lang='lat' dir='ltr'>illa</span> <span class='ocrx_word' id='word_1_71' title='bbox 831 666 962 705; x_wconf 88' lang='lat' dir='ltr'>etiam,</span> <span class='ocrx_word' id='word_1_72' title='bbox 979 673 1020 700; x_wconf 90' lang='lat' dir='ltr'>ut</span> <span class='ocrx_word' id='word_1_73' title='bbox 1039 667 1207 701; x_wconf 86' lang='lat' dir='ltr'>caeleste</span> <span class='ocrx_word' id='word_1_74' title='bbox 1226 668 1396 708; x_wconf 86' lang='lat' dir='ltr'>beatum,</span> <span class='ocrx_word' id='word_1_75' title='bbox 1412 680 1458 702; x_wconf 83' lang='lat' dir='ltr'>ex</span> <span class='ocrx_word' id='word_1_76' title='bbox 1478 668 1651 703; x_wconf 84' lang='lat' dir='ltr'>faciebus</span> <span class='ocrx_word' id='word_1_77' title='bbox 1670 670 1808 714; x_wconf 88' lang='lat' dir='ltr'>conju-</span> 
     </span>
     <span class='ocr_line' id='line_1_9' title="bbox 310 712 1807 761; baseline 0.003 -16"><span class='ocrx_word' id='word_1_78' title='bbox 310 724 417 758; x_wconf 87' lang='lat' dir='ltr'>gum,</span> <span class='ocrx_word' id='word_1_79' title='bbox 437 713 503 757; x_wconf 84' lang='lat' dir='ltr'>qui</span> <span class='ocrx_word' id='word_1_80' title='bbox 524 712 561 746; x_wconf 92' lang='lat' dir='ltr'>in</span> <span class='ocrx_word' id='word_1_81' title='bbox 581 723 714 746; x_wconf 90' lang='lat' dir='ltr'>amore</span> <span class='ocrx_word' id='word_1_82' title='bbox 735 712 801 746; x_wconf 91' lang='lat' dir='ltr'>illo</span> <span class='ocrx_word' id='word_1_83' title='bbox 819 720 911 747; x_wconf 87' lang='lat' dir='ltr'>sunt</span> <span class='ocrx_word' id='word_1_84' title='bbox 930 719 969 747; x_wconf 86' lang='lat' dir='ltr'>et</span> <span class='ocrx_word' id='word_1_85' title='bbox 991 724 1038 747; x_wconf 87' lang='lat' dir='ltr'>ex</span> <span class='ocrx_word' id='word_1_86' title='bbox 1056 724 1189 748; x_wconf 88' lang='lat' dir='ltr'>amore</span> <span class='ocrx_word' id='word_1_87' title='bbox 1218 714 1283 748; x_wconf 94' lang='lat' dir='ltr'>illo</span> <span class='ocrx_word' id='word_1_88' title='bbox 1310 726 1350 749; x_wconf 89' lang='lat' dir='ltr'>se</span> <span class='ocrx_word' id='word_1_89' title='bbox 1377 722 1516 750; x_wconf 85' lang='lat' dir='ltr'>mutuo</span> <span class='ocrx_word' id='word_1_90' title='bbox 1541 716 1747 761; x_wconf 88' lang='lat' dir='ltr'>aspiciunt,</span> <span class='ocrx_word' id='word_1_91' title='bbox 1769 717 1807 750; x_wconf 88' lang='lat' dir='ltr'>in</span> 
     </span>
     <span class='ocr_line' id='line_1_10' title="bbox 311 760 1805 807; baseline 0.002 -13"><span class='ocrx_word' id='word_1_92' title='bbox 311 760 429 794; x_wconf 88' lang='lat' dir='ltr'>caelis</span> <span class='ocrx_word' id='word_1_93' title='bbox 449 760 598 799; x_wconf 86' lang='lat' dir='ltr'>elucet;</span> <span class='ocrx_word' id='word_1_94' title='bbox 627 770 698 793; x_wconf 91' lang='lat' dir='ltr'>nec</span> <span class='ocrx_word' id='word_1_95' title='bbox 716 760 793 793; x_wconf 91' lang='lat' dir='ltr'>tale</span> <span class='ocrx_word' id='word_1_96' title='bbox 813 760 981 794; x_wconf 88' lang='lat' dir='ltr'>caeleste</span> <span class='ocrx_word' id='word_1_97' title='bbox 1000 761 1107 805; x_wconf 89' lang='lat' dir='ltr'>quod</span> <span class='ocrx_word' id='word_1_98' title='bbox 1129 761 1265 795; x_wconf 89' lang='lat' dir='ltr'>intime</span> <span class='ocrx_word' id='word_1_99' title='bbox 1283 760 1402 796; x_wconf 84' lang='lat' dir='ltr'>afficit</span> <span class='ocrx_word' id='word_1_100' title='bbox 1419 762 1592 807; x_wconf 87' lang='lat' dir='ltr'>jucunda</span> <span class='ocrx_word' id='word_1_101' title='bbox 1615 774 1805 803; x_wconf 86' lang='lat' dir='ltr'>amorum,</span> 
     </span>
     <span class='ocr_line' id='line_1_11' title="bbox 313 807 1807 855; baseline 0.003 -15"><span class='ocrx_word' id='word_1_102' title='bbox 313 814 353 841; x_wconf 87' lang='lat' dir='ltr'>et</span> <span class='ocrx_word' id='word_1_103' title='bbox 373 813 537 850; x_wconf 83' lang='lat' dir='ltr'>vocatur</span> <span class='ocrx_word' id='word_1_104' title='bbox 558 817 642 851; x_wconf 84' lang='lat' dir='ltr'>pax,</span> <span class='ocrx_word' id='word_1_105' title='bbox 663 807 745 840; x_wconf 90' lang='lat' dir='ltr'>dari</span> <span class='ocrx_word' id='word_1_106' title='bbox 767 814 898 851; x_wconf 91' lang='lat' dir='ltr'>potest</span> <span class='ocrx_word' id='word_1_107' title='bbox 924 808 1028 851; x_wconf 88' lang='lat' dir='ltr'>apud</span> <span class='ocrx_word' id='word_1_108' title='bbox 1055 807 1153 842; x_wconf 88' lang='lat' dir='ltr'>alios</span> <span class='ocrx_word' id='word_1_109' title='bbox 1172 819 1288 854; x_wconf 90' lang='lat' dir='ltr'>quam</span> <span class='ocrx_word' id='word_1_110' title='bbox 1309 810 1412 853; x_wconf 89' lang='lat' dir='ltr'>apud</span> <span class='ocrx_word' id='word_1_111' title='bbox 1442 809 1528 844; x_wconf 89' lang='lat' dir='ltr'>illos</span> <span class='ocrx_word' id='word_1_112' title='bbox 1547 810 1613 854; x_wconf 91' lang='lat' dir='ltr'>qui</span> <span class='ocrx_word' id='word_1_113' title='bbox 1641 817 1807 855; x_wconf 89' lang='lat' dir='ltr'>possunt</span> 
     </span>
     <span class='ocr_line' id='line_1_12' title="bbox 314 853 1161 900; baseline 0.001 -13"><span class='ocrx_word' id='word_1_114' title='bbox 314 853 463 893; x_wconf 88' lang='lat' dir='ltr'>intime,</span> <span class='ocrx_word' id='word_1_115' title='bbox 485 853 538 887; x_wconf 87' lang='lat' dir='ltr'>ita</span> <span class='ocrx_word' id='word_1_116' title='bbox 557 854 687 898; x_wconf 87' lang='lat' dir='ltr'>quoad</span> <span class='ocrx_word' id='word_1_117' title='bbox 708 854 793 898; x_wconf 89' lang='lat' dir='ltr'>ipsa</span> <span class='ocrx_word' id='word_1_118' title='bbox 810 854 940 893; x_wconf 86' lang='lat' dir='ltr'>corda,</span> <span class='ocrx_word' id='word_1_119' title='bbox 960 855 1161 900; x_wconf 86' lang='lat' dir='ltr'>conjungi.</span> 
     </span>
    </p>
   </div>
   <div class='ocr_carea' id='block_1_3' title="bbox 300 963 1808 2956">
    <p class='ocr_par' dir='ltr' id='par_1_3' title="bbox 300 963 1808 2956">
     <span class='ocr_line' id='line_1_13' title="bbox 393 963 1807 1014; baseline 0.002 -10"><span class='ocrx_word' id='word_1_120' title='bbox 393 963 533 1014; x_wconf 83' lang='grc'><strong>998.</strong></span> <span class='ocrx_word' id='word_1_121' title='bbox 560 973 666 1010; x_wconf 71' lang='lat' dir='ltr'>[Vm.</span> <span class='ocrx_word' id='word_1_122' title='bbox 685 974 748 1011; x_wconf 86' lang='lat'>13.]</span> <span class='ocrx_word' id='word_1_123' title='bbox 773 963 851 1002; x_wconf 74' lang='lat' dir='ltr'>“ft</span> <span class='ocrx_word' id='word_1_124' title='bbox 871 963 947 1002; x_wconf 80' lang='lat' dir='ltr'>vidi</span> <span class='ocrx_word' id='word_1_125' title='bbox 958 977 1012 1003; x_wconf 76' lang='lat' dir='ltr'>ex</span> <span class='ocrx_word' id='word_1_126' title='bbox 1030 976 1102 1007; x_wconf 70' lang='lat' dir='ltr'>ore</span> <span class='ocrx_word' id='word_1_127' title='bbox 1118 964 1310 1005; x_wconf 70' lang='lat' dir='ltr'>draconis</span> <span class='ocrx_word' id='word_1_128' title='bbox 1331 969 1375 1005; x_wconf 72' lang='lat' dir='ltr'>et</span> <span class='ocrx_word' id='word_1_129' title='bbox 1392 978 1445 1006; x_wconf 75' lang='lat' dir='ltr'>ex</span> <span class='ocrx_word' id='word_1_130' title='bbox 1463 978 1534 1008; x_wconf 74' lang='lat' dir='ltr'>ore</span> <span class='ocrx_word' id='word_1_131' title='bbox 1556 966 1807 1007; x_wconf 72' lang='lat' dir='ltr'>bestiae.&#39;&#39;—</span> 
     </span>
     <span class='ocr_line' id='line_1_14' title="bbox 312 1023 1808 1080; baseline 0.004 -17"><span class='ocrx_word' id='word_1_132' title='bbox 312 1023 445 1076; x_wconf 77' lang='lat' dir='ltr'>Quod</span> <span class='ocrx_word' id='word_1_133' title='bbox 488 1024 711 1076; x_wconf 86' lang='lat' dir='ltr'>significet</span> <span class='ocrx_word' id='word_1_134' title='bbox 751 1039 805 1064; x_wconf 80' lang='lat' dir='ltr'>ex</span> <span class='ocrx_word' id='word_1_135' title='bbox 840 1025 1111 1077; x_wconf 77' lang='lat' dir='ltr'>cogitatione,</span> <span class='ocrx_word' id='word_1_136' title='bbox 1146 1026 1487 1074; x_wconf 69' lang='lat' dir='ltr'>ratiocinatione,</span> <span class='ocrx_word' id='word_1_137' title='bbox 1522 1027 1732 1080; x_wconf 80' lang='lat' dir='ltr'>religione</span> <span class='ocrx_word' id='word_1_138' title='bbox 1767 1035 1808 1069; x_wconf 87' lang='lat' dir='ltr'>et</span> 
     </span>
     <span class='ocr_line' id='line_1_15' title="bbox 310 1086 1807 1144; baseline 0.004 -18"><span class='ocrx_word' id='word_1_139' title='bbox 310 1087 514 1127; x_wconf 69' lang='lat' dir='ltr'>dotlrz&#39;na</span> <span class='ocrx_word' id='word_1_140' title='bbox 531 1086 709 1127; x_wconf 76' lang='lat' dir='ltr'>illorum</span> <span class='ocrx_word' id='word_1_141' title='bbox 727 1087 863 1140; x_wconf 79' lang='lat' dir='ltr'>quiin</span> <span class='ocrx_word' id='word_1_142' title='bbox 881 1087 975 1128; x_wconf 87' lang='lat' dir='ltr'>sola</span> <span class='ocrx_word' id='word_1_143' title='bbox 979 1088 1088 1142; x_wconf 85' lang='lat' dir='ltr'>fide,</span> <span class='ocrx_word' id='word_1_144' title='bbox 1109 1095 1151 1128; x_wconf 80' lang='lat' dir='ltr'>et</span> <span class='ocrx_word' id='word_1_145' title='bbox 1166 1089 1210 1128; x_wconf 86' lang='lat' dir='ltr'>in</span> <span class='ocrx_word' id='word_1_146' title='bbox 1227 1089 1628 1142; x_wconf 77' lang='lat' dir='ltr'>confirmationibus</span> <span class='ocrx_word' id='word_1_147' title='bbox 1645 1092 1735 1144; x_wconf 71' lang='lat' dir='ltr'>ejus</span> <span class='ocrx_word' id='word_1_148' title='bbox 1752 1106 1807 1131; x_wconf 73' lang='lat' dir='ltr'>ex</span> 
     </span>
     <span class='ocr_line' id='line_1_16' title="bbox 311 1149 1804 1207; baseline 0.003 -18"><span class='ocrx_word' id='word_1_149' title='bbox 311 1149 516 1190; x_wconf 78' lang='lat' dir='ltr'>naturali</span> <span class='ocrx_word' id='word_1_150' title='bbox 532 1149 703 1190; x_wconf 78' lang='lat' dir='ltr'>ltomine</span> <span class='ocrx_word' id='word_1_151' title='bbox 723 1157 838 1198; x_wconf 82' lang='lat' dir='ltr'>snnt,</span> <span class='ocrx_word' id='word_1_152' title='bbox 859 1158 1043 1191; x_wconf 90' lang='lat' dir='ltr'>constat</span> <span class='ocrx_word' id='word_1_153' title='bbox 1069 1165 1127 1191; x_wconf 84' lang='lat' dir='ltr'>ex</span> <span class='ocrx_word' id='word_1_154' title='bbox 1151 1151 1481 1204; x_wconf 80' lang='lat' dir='ltr'>significatione</span> <span class='ocrx_word' id='word_1_155' title='bbox 1501 1154 1666 1202; x_wconf 82' lang='lat' dir='ltr'>“oris,&#39;&#39;</span> <span class='ocrx_word' id='word_1_156' title='bbox 1684 1155 1804 1207; x_wconf 89' lang='lat' dir='ltr'>quod</span> 
     </span>
     <span class='ocr_line' id='line_1_17' title="bbox 309 1211 1804 1264; baseline 0.003 -14"><span class='ocrx_word' id='word_1_157' title='bbox 309 1211 366 1250; x_wconf 92' lang='lat' dir='ltr'>sit</span> <span class='ocrx_word' id='word_1_158' title='bbox 389 1211 627 1262; x_wconf 85' lang='lat' dir='ltr'>cogitatio,</span> <span class='ocrx_word' id='word_1_159' title='bbox 652 1212 959 1260; x_wconf 87' lang='lat' dir='ltr'>ratiocinatio,</span> <span class='ocrx_word' id='word_1_160' title='bbox 983 1212 1142 1264; x_wconf 85' lang='lat' dir='ltr'>religio</span> <span class='ocrx_word' id='word_1_161' title='bbox 1169 1219 1214 1252; x_wconf 87' lang='lat' dir='ltr'>et</span> <span class='ocrx_word' id='word_1_162' title='bbox 1241 1213 1447 1254; x_wconf 68' lang='lat' dir='ltr'>doctrina</span> <span class='ocrx_word' id='word_1_163' title='bbox 1470 1225 1524 1261; x_wconf 83' lang='lat' dir='ltr'>(de</span> <span class='ocrx_word' id='word_1_164' title='bbox 1540 1234 1604 1261; x_wconf 85' lang='lat' dir='ltr'>qua</span> <span class='ocrx_word' id='word_1_165' title='bbox 1621 1225 1756 1263; x_wconf 84' lang='lat' dir='ltr'>[supra]‚</span> <span class='ocrx_word' id='word_1_166' title='bbox 1773 1235 1804 1256; x_wconf 91' lang='lat' dir='ltr'>n.</span> 
     </span>
     <span class='ocr_line' id='line_1_18' title="bbox 312 1271 1803 1327; baseline 0.004 -18"><span class='ocrx_word' id='word_1_167' title='bbox 312 1271 402 1321; x_wconf 88' lang='lat'>580,</span> <span class='ocrx_word' id='word_1_168' title='bbox 428 1271 522 1322; x_wconf 87' lang='lat'>782,</span> <span class='ocrx_word' id='word_1_169' title='bbox 552 1280 681 1323; x_wconf 85' lang='lat'>794);</span> <span class='ocrx_word' id='word_1_170' title='bbox 725 1271 821 1311; x_wconf 62' lang='lat' dir='ltr'>mex</span> <span class='ocrx_word' id='word_1_171' title='bbox 856 1271 1193 1323; x_wconf 84' lang='lat' dir='ltr'>significatione</span> <span class='ocrx_word' id='word_1_172' title='bbox 1230 1273 1524 1322; x_wconf 85' lang='lat' dir='ltr'>“draconis,”</span> <span class='ocrx_word' id='word_1_173' title='bbox 1558 1274 1678 1327; x_wconf 88' lang='lat' dir='ltr'>quod</span> <span class='ocrx_word' id='word_1_174' title='bbox 1712 1276 1803 1315; x_wconf 88' lang='lat' dir='ltr'>sint</span> 
     </span>
     <span class='ocr_line' id='line_1_19' title="bbox 308 1331 1803 1388; baseline 0.003 -17"><span class='ocrx_word' id='word_1_175' title='bbox 308 1332 382 1384; x_wconf 89' lang='lat' dir='ltr'>qui</span> <span class='ocrx_word' id='word_1_176' title='bbox 409 1332 451 1371; x_wconf 91' lang='lat' dir='ltr'>in</span> <span class='ocrx_word' id='word_1_177' title='bbox 479 1332 576 1372; x_wconf 88' lang='lat' dir='ltr'>sola</span> <span class='ocrx_word' id='word_1_178' title='bbox 602 1332 703 1379; x_wconf 89' lang='lat' dir='ltr'>fide,</span> <span class='ocrx_word' id='word_1_179' title='bbox 732 1339 826 1372; x_wconf 88' lang='lat' dir='ltr'>tam</span> <span class='ocrx_word' id='word_1_180' title='bbox 860 1333 1007 1385; x_wconf 89' lang='lat' dir='ltr'>quoad</span> <span class='ocrx_word' id='word_1_181' title='bbox 1040 1331 1291 1373; x_wconf 59' lang='lat' dir='ltr'>doetrinam</span> <span class='ocrx_word' id='word_1_182' title='bbox 1320 1348 1453 1387; x_wconf 87' lang='lat' dir='ltr'>quarn</span> <span class='ocrx_word' id='word_1_183' title='bbox 1487 1336 1634 1388; x_wconf 90' lang='lat' dir='ltr'>quoad</span> <span class='ocrx_word' id='word_1_184' title='bbox 1661 1337 1803 1376; x_wconf 89' lang='lat' dir='ltr'>vitam</span> 
     </span>
     <span class='ocr_line' id='line_1_20' title="bbox 309 1394 1802 1447; baseline 0.003 -15"><span class='ocrx_word' id='word_1_185' title='bbox 309 1403 363 1439; x_wconf 81' lang='lat' dir='ltr'>(de</span> <span class='ocrx_word' id='word_1_186' title='bbox 379 1412 495 1440; x_wconf 55' lang='lat' dir='ltr'>quam.</span> <span class='ocrx_word' id='word_1_187' title='bbox 513 1403 607 1445; x_wconf 86' lang='lat'>714,</span> <span class='ocrx_word' id='word_1_188' title='bbox 629 1403 722 1446; x_wconf 79' lang='lat'>715,</span> <span class='ocrx_word' id='word_1_189' title='bbox 745 1394 837 1446; x_wconf 85' lang='lat'>716,</span> <span class='ocrx_word' id='word_1_190' title='bbox 860 1403 958 1445; x_wconf 80' lang='lat'>737)</span> <span class='ocrx_word' id='word_1_191' title='bbox 980 1409 988 1444; x_wconf 82' lang='lat'><em>3</em></span> <span class='ocrx_word' id='word_1_192' title='bbox 1021 1401 1067 1434; x_wconf 89' lang='lat' dir='ltr'>et</span> <span class='ocrx_word' id='word_1_193' title='bbox 1094 1408 1153 1434; x_wconf 85' lang='lat' dir='ltr'>ex</span> <span class='ocrx_word' id='word_1_194' title='bbox 1181 1395 1517 1447; x_wconf 83' lang='lat' dir='ltr'>significatione</span> <span class='ocrx_word' id='word_1_195' title='bbox 1546 1397 1802 1445; x_wconf 85' lang='lat' dir='ltr'>“bestiae,&#39;’</span> 
     </span>
     <span class='ocr_line' id='line_1_21' title="bbox 308 1458 1801 1512; baseline 0.003 -15"><span class='ocrx_word' id='word_1_196' title='bbox 308 1458 427 1510; x_wconf 90' lang='lat' dir='ltr'>quod</span> <span class='ocrx_word' id='word_1_197' title='bbox 454 1459 543 1498; x_wconf 89' lang='lat' dir='ltr'>sint</span> <span class='ocrx_word' id='word_1_198' title='bbox 567 1459 639 1512; x_wconf 89' lang='lat' dir='ltr'>qui</span> <span class='ocrx_word' id='word_1_199' title='bbox 662 1472 740 1511; x_wconf 90' lang='lat' dir='ltr'>per</span> <span class='ocrx_word' id='word_1_200' title='bbox 757 1459 991 1498; x_wconf 88' lang='lat' dir='ltr'>ratiocinia</span> <span class='ocrx_word' id='word_1_201' title='bbox 1018 1473 1076 1499; x_wconf 83' lang='lat' dir='ltr'>ex</span> <span class='ocrx_word' id='word_1_202' title='bbox 1104 1459 1297 1499; x_wconf 88' lang='lat' dir='ltr'>naturali</span> <span class='ocrx_word' id='word_1_203' title='bbox 1325 1459 1507 1500; x_wconf 90' lang='lat' dir='ltr'>homine</span> <span class='ocrx_word' id='word_1_204' title='bbox 1531 1461 1801 1503; x_wconf 88' lang='lat' dir='ltr'>confirmant</span> 
     </span>
     <span class='ocr_line' id='line_1_22' title="bbox 307 1519 1801 1571; baseline 0.003 -13"><span class='ocrx_word' id='word_1_205' title='bbox 307 1519 454 1558; x_wconf 87' lang='lat' dir='ltr'>solam</span> <span class='ocrx_word' id='word_1_206' title='bbox 481 1519 615 1559; x_wconf 89' lang='lat' dir='ltr'>fidem</span> <span class='ocrx_word' id='word_1_207' title='bbox 639 1530 693 1566; x_wconf 80' lang='lat' dir='ltr'>(de</span> <span class='ocrx_word' id='word_1_208' title='bbox 714 1540 786 1567; x_wconf 81' lang='lat' dir='ltr'>qua,</span> <span class='ocrx_word' id='word_1_209' title='bbox 808 1540 837 1560; x_wconf 85' lang='lat' dir='ltr'>n.</span> <span class='ocrx_word' id='word_1_210' title='bbox 860 1529 972 1571; x_wconf 86' lang='lat'>773).</span> <span class='ocrx_word' id='word_1_211' title='bbox 1032 1519 1178 1560; x_wconf 87' lang='lat' dir='ltr'>Erant</span> <span class='ocrx_word' id='word_1_212' title='bbox 1202 1521 1320 1560; x_wconf 89' lang='lat' dir='ltr'>enim</span> <span class='ocrx_word' id='word_1_213' title='bbox 1345 1521 1476 1561; x_wconf 83' lang='lat' dir='ltr'>binae</span> <span class='ocrx_word' id='word_1_214' title='bbox 1499 1521 1688 1570; x_wconf 86' lang='lat' dir='ltr'>bestiae,</span> <span class='ocrx_word' id='word_1_215' title='bbox 1713 1536 1801 1563; x_wconf 85' lang='lat' dir='ltr'>una</span> 
     </span>
     <span class='ocr_line' id='line_1_23' title="bbox 307 1581 1797 1634; baseline 0.002 -14"><span class='ocrx_word' id='word_1_216' title='bbox 307 1594 365 1620; x_wconf 86' lang='lat' dir='ltr'>ex</span> <span class='ocrx_word' id='word_1_217' title='bbox 393 1581 516 1628; x_wconf 90' lang='lat' dir='ltr'>mari,</span> <span class='ocrx_word' id='word_1_218' title='bbox 545 1581 690 1621; x_wconf 87' lang='lat' dir='ltr'>altera</span> <span class='ocrx_word' id='word_1_219' title='bbox 717 1595 775 1621; x_wconf 83' lang='lat' dir='ltr'>ex</span> <span class='ocrx_word' id='word_1_220' title='bbox 808 1587 942 1627; x_wconf 88' lang='lat' dir='ltr'>terra,</span> <span class='ocrx_word' id='word_1_221' title='bbox 972 1582 1251 1632; x_wconf 89' lang='lat' dir='ltr'>ascendens;</span> <span class='ocrx_word' id='word_1_222' title='bbox 1285 1588 1331 1622; x_wconf 91' lang='lat' dir='ltr'>et</span> <span class='ocrx_word' id='word_1_223' title='bbox 1365 1596 1442 1634; x_wconf 89' lang='lat' dir='ltr'>per</span> <span class='ocrx_word' id='word_1_224' title='bbox 1471 1583 1704 1623; x_wconf 88' lang='lat' dir='ltr'>“bestiam</span> <span class='ocrx_word' id='word_1_225' title='bbox 1738 1598 1797 1624; x_wconf 84' lang='lat' dir='ltr'>ex</span> 
     </span>
     <span class='ocr_line' id='line_1_24' title="bbox 307 1643 1799 1697; baseline 0.003 -15"><span class='ocrx_word' id='word_1_226' title='bbox 307 1644 416 1683; x_wconf 82' lang='lat' dir='ltr'>mari</span> <span class='ocrx_word' id='word_1_227' title='bbox 431 1643 449 1657; x_wconf 76' lang='lat'>’³</span> <span class='ocrx_word' id='word_1_228' title='bbox 468 1643 737 1696; x_wconf 82' lang='lat' dir='ltr'>intelligitur</span> <span class='ocrx_word' id='word_1_229' title='bbox 755 1643 864 1684; x_wconf 89' lang='lat' dir='ltr'>fides</span> <span class='ocrx_word' id='word_1_230' title='bbox 892 1644 968 1684; x_wconf 91' lang='lat' dir='ltr'>illa</span> <span class='ocrx_word' id='word_1_231' title='bbox 991 1658 1068 1697; x_wconf 90' lang='lat' dir='ltr'>per</span> <span class='ocrx_word' id='word_1_232' title='bbox 1094 1645 1329 1684; x_wconf 87' lang='lat' dir='ltr'>ratiocinia</span> <span class='ocrx_word' id='word_1_233' title='bbox 1356 1659 1414 1685; x_wconf 84' lang='lat' dir='ltr'>ex</span> <span class='ocrx_word' id='word_1_234' title='bbox 1439 1645 1631 1686; x_wconf 86' lang='lat' dir='ltr'>naturali</span> <span class='ocrx_word' id='word_1_235' title='bbox 1654 1646 1799 1687; x_wconf 92' lang='lat' dir='ltr'>homi-</span> 
     </span>
     <span class='ocr_line' id='line_1_25' title="bbox 307 1706 1799 1761; baseline 0.002 -15"><span class='ocrx_word' id='word_1_236' title='bbox 307 1720 362 1746; x_wconf 89' lang='lat' dir='ltr'>ne</span> <span class='ocrx_word' id='word_1_237' title='bbox 389 1706 670 1755; x_wconf 88' lang='lat' dir='ltr'>confirmata,</span> <span class='ocrx_word' id='word_1_238' title='bbox 695 1713 740 1747; x_wconf 91' lang='lat' dir='ltr'>et</span> <span class='ocrx_word' id='word_1_239' title='bbox 768 1721 845 1760; x_wconf 93' lang='lat' dir='ltr'>per</span> <span class='ocrx_word' id='word_1_240' title='bbox 872 1708 1105 1747; x_wconf 87' lang='lat' dir='ltr'>“bestiam</span> <span class='ocrx_word' id='word_1_241' title='bbox 1133 1722 1191 1748; x_wconf 85' lang='lat' dir='ltr'>ex</span> <span class='ocrx_word' id='word_1_242' title='bbox 1220 1707 1368 1748; x_wconf 88' lang='lat' dir='ltr'>terra”</span> <span class='ocrx_word' id='word_1_243' title='bbox 1392 1708 1662 1761; x_wconf 87' lang='lat' dir='ltr'>intelligitur</span> <span class='ocrx_word' id='word_1_244' title='bbox 1689 1708 1799 1749; x_wconf 88' lang='lat' dir='ltr'>fides</span> 
     </span>
     <span class='ocr_line' id='line_1_26' title="bbox 306 1769 1799 1818; baseline 0.003 -10"><span class='ocrx_word' id='word_1_245' title='bbox 306 1769 382 1809; x_wconf 88' lang='lat' dir='ltr'>illa</span> <span class='ocrx_word' id='word_1_246' title='bbox 409 1769 676 1810; x_wconf 89' lang='lat' dir='ltr'>confirmata</span> <span class='ocrx_word' id='word_1_247' title='bbox 706 1784 764 1810; x_wconf 83' lang='lat' dir='ltr'>ex</span> <span class='ocrx_word' id='word_1_248' title='bbox 792 1784 926 1810; x_wconf 89' lang='lat' dir='ltr'>sensu</span> <span class='ocrx_word' id='word_1_249' title='bbox 954 1770 1134 1811; x_wconf 88' lang='lat' dir='ltr'>litterae</span> <span class='ocrx_word' id='word_1_250' title='bbox 1162 1771 1315 1818; x_wconf 88' lang='lat' dir='ltr'>Verbi,</span> <span class='ocrx_word' id='word_1_251' title='bbox 1345 1777 1390 1811; x_wconf 91' lang='lat' dir='ltr'>et</span> <span class='ocrx_word' id='word_1_252' title='bbox 1418 1772 1521 1811; x_wconf 90' lang='lat' dir='ltr'>inde</span> <span class='ocrx_word' id='word_1_253' title='bbox 1547 1771 1799 1812; x_wconf 86' lang='lat' dir='ltr'>falsificatio</span> 
     </span>
     <span class='ocr_line' id='line_1_27' title="bbox 307 1832 1799 1885; baseline 0.002 -13"><span class='ocrx_word' id='word_1_254' title='bbox 307 1832 428 1884; x_wconf 89' lang='lat' dir='ltr'>ejus:</span> <span class='ocrx_word' id='word_1_255' title='bbox 457 1833 535 1872; x_wconf 90' lang='lat' dir='ltr'>sed</span> <span class='ocrx_word' id='word_1_256' title='bbox 569 1833 638 1873; x_wconf 88' lang='lat' dir='ltr'>hic</span> <span class='ocrx_word' id='word_1_257' title='bbox 664 1833 932 1885; x_wconf 82' lang='lat' dir='ltr'>intelligitur</span> <span class='ocrx_word' id='word_1_258' title='bbox 961 1834 1149 1874; x_wconf 88' lang='lat' dir='ltr'>“bestia</span> <span class='ocrx_word' id='word_1_259' title='bbox 1181 1848 1240 1874; x_wconf 85' lang='lat' dir='ltr'>ex</span> <span class='ocrx_word' id='word_1_260' title='bbox 1274 1835 1383 1874; x_wconf 87' lang='lat' dir='ltr'>mari</span> <span class='ocrx_word' id='word_1_261' title='bbox 1416 1835 1709 1881; x_wconf 87' lang='lat' dir='ltr'>ascendens,&#39;&#39;</span> <span class='ocrx_word' id='word_1_262' title='bbox 1734 1835 1799 1875; x_wconf 85' lang='lat' dir='ltr'>ita</span> 
     </span>
     <span class='ocr_line' id='line_1_28' title="bbox 307 1895 1797 1950; baseline 0.002 -15"><span class='ocrx_word' id='word_1_263' title='bbox 307 1895 417 1935; x_wconf 91' lang='lat' dir='ltr'>fides</span> <span class='ocrx_word' id='word_1_264' title='bbox 444 1895 710 1936; x_wconf 89' lang='lat' dir='ltr'>confirmata</span> <span class='ocrx_word' id='word_1_265' title='bbox 738 1910 815 1949; x_wconf 91' lang='lat' dir='ltr'>per</span> <span class='ocrx_word' id='word_1_266' title='bbox 841 1897 1090 1944; x_wconf 87' lang='lat' dir='ltr'>ratiocinia,</span> <span class='ocrx_word' id='word_1_267' title='bbox 1112 1898 1213 1949; x_wconf 86' lang='lat' dir='ltr'>quia</span> <span class='ocrx_word' id='word_1_268' title='bbox 1240 1897 1420 1936; x_wconf 88' lang='lat' dir='ltr'>additur</span> <span class='ocrx_word' id='word_1_269' title='bbox 1441 1901 1537 1937; x_wconf 86' lang='lat' dir='ltr'>“ex</span> <span class='ocrx_word' id='word_1_270' title='bbox 1566 1911 1641 1937; x_wconf 90' lang='lat' dir='ltr'>ore</span> <span class='ocrx_word' id='word_1_271' title='bbox 1665 1911 1797 1950; x_wconf 88' lang='lat' dir='ltr'>pseu-</span> 
     </span>
     <span class='ocr_line' id='line_1_29' title="bbox 304 1959 1796 2013; baseline 0.001 -15"><span class='ocrx_word' id='word_1_272' title='bbox 304 1959 671 2011; x_wconf 87' lang='lat' dir='ltr'>doprophetae;&#39;’</span> <span class='ocrx_word' id='word_1_273' title='bbox 704 1966 749 2000; x_wconf 92' lang='lat' dir='ltr'>et</span> <span class='ocrx_word' id='word_1_274' title='bbox 788 1973 866 2012; x_wconf 90' lang='lat' dir='ltr'>per</span> <span class='ocrx_word' id='word_1_275' title='bbox 895 1959 1384 2012; x_wconf 86' lang='lat' dir='ltr'>“pseudoprophetam</span> <span class='ocrx_word' id='word_1_276' title='bbox 1400 1959 1419 1974; x_wconf 83' lang='lat'>&#39;²</span> <span class='ocrx_word' id='word_1_277' title='bbox 1451 1960 1595 2000; x_wconf 89' lang='lat' dir='ltr'>simile</span> <span class='ocrx_word' id='word_1_278' title='bbox 1628 1960 1796 2013; x_wconf 87' lang='lat' dir='ltr'>signifi-</span> 
     </span>
     <span class='ocr_line' id='line_1_30' title="bbox 305 2022 1795 2076; baseline 0.002 -15"><span class='ocrx_word' id='word_1_279' title='bbox 305 2030 433 2062; x_wconf 89' lang='lat' dir='ltr'>catur</span> <span class='ocrx_word' id='word_1_280' title='bbox 473 2022 593 2075; x_wconf 90' lang='lat' dir='ltr'>quod</span> <span class='ocrx_word' id='word_1_281' title='bbox 635 2036 713 2075; x_wconf 88' lang='lat' dir='ltr'>per</span> <span class='ocrx_word' id='word_1_282' title='bbox 757 2023 992 2062; x_wconf 86' lang='lat' dir='ltr'>“bestiam</span> <span class='ocrx_word' id='word_1_283' title='bbox 1033 2037 1091 2063; x_wconf 83' lang='lat' dir='ltr'>ex</span> <span class='ocrx_word' id='word_1_284' title='bbox 1135 2023 1294 2070; x_wconf 88' lang='lat' dir='ltr'>terra,’&#39;</span> <span class='ocrx_word' id='word_1_285' title='bbox 1337 2037 1499 2076; x_wconf 90' lang='lat' dir='ltr'>nempe</span> <span class='ocrx_word' id='word_1_286' title='bbox 1541 2023 1639 2064; x_wconf 85' lang='lat' dir='ltr'>sola</span> <span class='ocrx_word' id='word_1_287' title='bbox 1684 2024 1795 2064; x_wconf 88' lang='lat' dir='ltr'>fides</span> 
     </span>
     <span class='ocr_line' id='line_1_31' title="bbox 304 2084 1795 2138; baseline 0.002 -14"><span class='ocrx_word' id='word_1_288' title='bbox 304 2084 570 2125; x_wconf 87' lang='lat' dir='ltr'>confirmata</span> <span class='ocrx_word' id='word_1_289' title='bbox 613 2099 690 2138; x_wconf 92' lang='lat' dir='ltr'>per</span> <span class='ocrx_word' id='word_1_290' title='bbox 723 2085 938 2133; x_wconf 87' lang='lat' dir='ltr'>Verbum,</span> <span class='ocrx_word' id='word_1_291' title='bbox 974 2086 1037 2125; x_wconf 87' lang='lat' dir='ltr'>ita</span> <span class='ocrx_word' id='word_1_292' title='bbox 1078 2084 1283 2126; x_wconf 68' lang='lat' dir='ltr'>doctrina</span> <span class='ocrx_word' id='word_1_293' title='bbox 1320 2086 1418 2126; x_wconf 89' lang='lat' dir='ltr'>falsi</span> <span class='ocrx_word' id='word_1_294' title='bbox 1457 2101 1515 2126; x_wconf 86' lang='lat' dir='ltr'>ex</span> <span class='ocrx_word' id='word_1_295' title='bbox 1547 2086 1795 2127; x_wconf 86' lang='lat' dir='ltr'>falsificatis</span> 
     </span>
     <span class='ocr_line' id='line_1_32' title="bbox 303 2148 1798 2202; baseline 0.001 -14"><span class='ocrx_word' id='word_1_296' title='bbox 303 2149 433 2189; x_wconf 88' lang='lat' dir='ltr'>veris.</span> <span class='ocrx_word' id='word_1_297' title='bbox 487 2148 568 2188; x_wconf 89' lang='lat' dir='ltr'>Per</span> <span class='ocrx_word' id='word_1_298' title='bbox 586 2148 697 2188; x_wconf 90' lang='lat' dir='ltr'>haec</span> <span class='ocrx_word' id='word_1_299' title='bbox 717 2155 761 2188; x_wconf 88' lang='lat' dir='ltr'>et</span> <span class='ocrx_word' id='word_1_300' title='bbox 782 2149 1016 2201; x_wconf 81' lang='lat' dir='ltr'>sequentia</span> <span class='ocrx_word' id='word_1_301' title='bbox 1035 2162 1151 2188; x_wconf 89' lang='lat' dir='ltr'>nunc</span> <span class='ocrx_word' id='word_1_302' title='bbox 1171 2149 1439 2189; x_wconf 87' lang='lat' dir='ltr'>describitur</span> <span class='ocrx_word' id='word_1_303' title='bbox 1456 2150 1574 2202; x_wconf 90' lang='lat' dir='ltr'>quod</span> <span class='ocrx_word' id='word_1_304' title='bbox 1593 2148 1798 2190; x_wconf 68' lang='lat' dir='ltr'>d0&amp;rina</span> 
     </span>
     <span class='ocr_line' id='line_1_33' title="bbox 305 2211 1795 2266; baseline 0.001 -16"><span class='ocrx_word' id='word_1_305' title='bbox 305 2211 361 2251; x_wconf 91' lang='lat' dir='ltr'>de</span> <span class='ocrx_word' id='word_1_306' title='bbox 403 2211 499 2251; x_wconf 88' lang='lat' dir='ltr'>sola</span> <span class='ocrx_word' id='word_1_307' title='bbox 531 2211 616 2250; x_wconf 84' lang='lat' dir='ltr'>fide</span> <span class='ocrx_word' id='word_1_308' title='bbox 650 2211 933 2251; x_wconf 86' lang='lat' dir='ltr'>hebetaverit</span> <span class='ocrx_word' id='word_1_309' title='bbox 967 2218 1011 2251; x_wconf 92' lang='lat' dir='ltr'>et</span> <span class='ocrx_word' id='word_1_310' title='bbox 1045 2225 1188 2266; x_wconf 87' lang='lat' dir='ltr'>paene</span> <span class='ocrx_word' id='word_1_311' title='bbox 1226 2213 1501 2252; x_wconf 80' lang='lat' dir='ltr'>exstinxerit</span> <span class='ocrx_word' id='word_1_312' title='bbox 1533 2212 1795 2253; x_wconf 87' lang='lat' dir='ltr'>facultatem</span> 
     </span>
     <span class='ocr_line' id='line_1_34' title="bbox 303 2273 1795 2327; baseline 0.001 -13"><span class='ocrx_word' id='word_1_313' title='bbox 303 2273 588 2326; x_wconf 84' lang='lat' dir='ltr'>intelligendi</span> <span class='ocrx_word' id='word_1_314' title='bbox 617 2274 828 2313; x_wconf 83' lang='lat' dir='ltr'>Divinum</span> <span class='ocrx_word' id='word_1_315' title='bbox 857 2274 1041 2321; x_wconf 88' lang='lat' dir='ltr'>Verum,</span> <span class='ocrx_word' id='word_1_316' title='bbox 1067 2288 1180 2327; x_wconf 87' lang='lat' dir='ltr'>quae</span> <span class='ocrx_word' id='word_1_317' title='bbox 1208 2281 1362 2314; x_wconf 90' lang='lat' dir='ltr'>tamen</span> <span class='ocrx_word' id='word_1_318' title='bbox 1387 2275 1601 2315; x_wconf 87' lang='lat' dir='ltr'>unicuivis</span> <span class='ocrx_word' id='word_1_319' title='bbox 1624 2275 1795 2315; x_wconf 89' lang='lat' dir='ltr'>homini</span> 
     </span>
     <span class='ocr_line' id='line_1_35' title="bbox 303 2337 1794 2391; baseline 0.001 -13"><span class='ocrx_word' id='word_1_320' title='bbox 303 2338 412 2378; x_wconf 87' lang='lat' dir='ltr'>data</span> <span class='ocrx_word' id='word_1_321' title='bbox 451 2343 520 2378; x_wconf 90' lang='lat' dir='ltr'>est</span> <span class='ocrx_word' id='word_1_322' title='bbox 563 2351 587 2377; x_wconf 86' lang='lat' dir='ltr'>a</span> <span class='ocrx_word' id='word_1_323' title='bbox 626 2337 837 2385; x_wconf 90' lang='lat' dir='ltr'>Domino,</span> <span class='ocrx_word' id='word_1_324' title='bbox 879 2344 1097 2390; x_wconf 87' lang='lat' dir='ltr'>quantum</span> <span class='ocrx_word' id='word_1_325' title='bbox 1135 2338 1246 2377; x_wconf 86' lang='lat' dir='ltr'>falsa</span> <span class='ocrx_word' id='word_1_326' title='bbox 1285 2352 1342 2378; x_wconf 82' lang='lat' dir='ltr'>ex</span> <span class='ocrx_word' id='word_1_327' title='bbox 1380 2338 1500 2378; x_wconf 87' lang='lat' dir='ltr'>malo</span> <span class='ocrx_word' id='word_1_328' title='bbox 1538 2352 1627 2378; x_wconf 91' lang='lat' dir='ltr'>non</span> <span class='ocrx_word' id='word_1_329' title='bbox 1666 2352 1794 2391; x_wconf 89' lang='lat' dir='ltr'>prae-</span> 
     </span>
     <span class='ocr_line' id='line_1_36' title="bbox 303 2400 1792 2454; baseline 0.001 -15"><span class='ocrx_word' id='word_1_330' title='bbox 303 2407 484 2440; x_wconf 88' lang='lat' dir='ltr'>struunt</span> <span class='ocrx_word' id='word_1_331' title='bbox 508 2400 725 2440; x_wconf 85' lang='lat' dir='ltr'>inssuxum</span> <span class='ocrx_word' id='word_1_332' title='bbox 751 2406 797 2440; x_wconf 87' lang='lat' dir='ltr'>et</span> <span class='ocrx_word' id='word_1_333' title='bbox 820 2401 1007 2448; x_wconf 90' lang='lat' dir='ltr'>aditum,</span> <span class='ocrx_word' id='word_1_334' title='bbox 1036 2414 1091 2440; x_wconf 90' lang='lat' dir='ltr'>ne</span> <span class='ocrx_word' id='word_1_335' title='bbox 1114 2401 1279 2453; x_wconf 88' lang='lat' dir='ltr'>aliquid</span> <span class='ocrx_word' id='word_1_336' title='bbox 1303 2415 1326 2440; x_wconf 92' lang='lat' dir='ltr'>e</span> <span class='ocrx_word' id='word_1_337' title='bbox 1349 2401 1476 2441; x_wconf 89' lang='lat' dir='ltr'>caelo</span> <span class='ocrx_word' id='word_1_338' title='bbox 1495 2402 1764 2454; x_wconf 88' lang='lat' dir='ltr'>percipiatur</span> <span class='ocrx_word' id='word_1_339' title='bbox 1784 2415 1792 2441; x_wconf 93' lang='lat'>:</span> 
     </span>
     <span class='ocr_line' id='line_1_37' title="bbox 302 2463 1793 2516; baseline 0.001 -13"><span class='ocrx_word' id='word_1_340' title='bbox 302 2470 372 2504; x_wconf 89' lang='lat' dir='ltr'>est</span> <span class='ocrx_word' id='word_1_341' title='bbox 395 2464 514 2503; x_wconf 89' lang='lat' dir='ltr'>enim</span> <span class='ocrx_word' id='word_1_342' title='bbox 538 2463 675 2503; x_wconf 91' lang='lat' dir='ltr'>homo</span> <span class='ocrx_word' id='word_1_343' title='bbox 698 2464 812 2503; x_wconf 90' lang='lat' dir='ltr'>sicut</span> <span class='ocrx_word' id='word_1_344' title='bbox 836 2463 1008 2510; x_wconf 89' lang='lat' dir='ltr'>hortus,</span> <span class='ocrx_word' id='word_1_345' title='bbox 1035 2464 1106 2515; x_wconf 88' lang='lat' dir='ltr'>qui</span> <span class='ocrx_word' id='word_1_346' title='bbox 1131 2477 1271 2516; x_wconf 85' lang='lat' dir='ltr'>aeque</span> <span class='ocrx_word' id='word_1_347' title='bbox 1295 2463 1441 2504; x_wconf 88' lang='lat' dir='ltr'>lucem</span> <span class='ocrx_word' id='word_1_348' title='bbox 1464 2465 1621 2516; x_wconf 87' lang='lat' dir='ltr'>recipit</span> <span class='ocrx_word' id='word_1_349' title='bbox 1645 2463 1793 2505; x_wconf 89' lang='lat' dir='ltr'>hieme</span> 
     </span>
     <span class='ocr_line' id='line_1_38' title="bbox 302 2525 1790 2579; baseline 0 -13"><span class='ocrx_word' id='word_1_350' title='bbox 302 2539 352 2566; x_wconf 88' lang='lat' dir='ltr'>ac</span> <span class='ocrx_word' id='word_1_351' title='bbox 377 2532 569 2573; x_wconf 83' lang='lat' dir='ltr'>aestate,</span> <span class='ocrx_word' id='word_1_352' title='bbox 591 2526 669 2566; x_wconf 90' lang='lat' dir='ltr'>sed</span> <span class='ocrx_word' id='word_1_353' title='bbox 693 2539 782 2566; x_wconf 87' lang='lat' dir='ltr'>non</span> <span class='ocrx_word' id='word_1_354' title='bbox 806 2525 1029 2575; x_wconf 89' lang='lat' dir='ltr'>calorem;</span> <span class='ocrx_word' id='word_1_355' title='bbox 1058 2532 1103 2565; x_wconf 90' lang='lat' dir='ltr'>et</span> <span class='ocrx_word' id='word_1_356' title='bbox 1127 2527 1245 2578; x_wconf 91' lang='lat' dir='ltr'>quod</span> <span class='ocrx_word' id='word_1_357' title='bbox 1265 2527 1377 2566; x_wconf 91' lang='lat' dir='ltr'>sicut</span> <span class='ocrx_word' id='word_1_358' title='bbox 1401 2527 1558 2579; x_wconf 90' lang='lat' dir='ltr'>recipit</span> <span class='ocrx_word' id='word_1_359' title='bbox 1578 2526 1790 2576; x_wconf 87' lang='lat' dir='ltr'>calorem,</span> 
     </span>
     <span class='ocr_line' id='line_1_39' title="bbox 302 2587 1790 2642; baseline 0.001 -14"><span class='ocrx_word' id='word_1_360' title='bbox 302 2589 365 2628; x_wconf 88' lang='lat' dir='ltr'>ita</span> <span class='ocrx_word' id='word_1_361' title='bbox 387 2588 544 2628; x_wconf 89' lang='lat' dir='ltr'>floreat</span> <span class='ocrx_word' id='word_1_362' title='bbox 568 2595 614 2628; x_wconf 88' lang='lat' dir='ltr'>et</span> <span class='ocrx_word' id='word_1_363' title='bbox 641 2587 896 2638; x_wconf 50' lang='lat' dir='ltr'>fructificem</span> <span class='ocrx_word' id='word_1_364' title='bbox 931 2588 1135 2628; x_wconf 88' lang='lat' dir='ltr'>similiter</span> <span class='ocrx_word' id='word_1_365' title='bbox 1162 2589 1312 2636; x_wconf 84' lang='lat' dir='ltr'>homo,</span> <span class='ocrx_word' id='word_1_366' title='bbox 1338 2589 1456 2642; x_wconf 88' lang='lat' dir='ltr'>quod</span> <span class='ocrx_word' id='word_1_367' title='bbox 1479 2603 1621 2642; x_wconf 88' lang='lat' dir='ltr'>aeque</span> <span class='ocrx_word' id='word_1_368' title='bbox 1644 2590 1790 2642; x_wconf 91' lang='lat' dir='ltr'>possit</span> 
     </span>
     <span class='ocr_line' id='line_1_40' title="bbox 301 2651 1791 2704; baseline 0.001 -13"><span class='ocrx_word' id='word_1_369' title='bbox 301 2652 499 2704; x_wconf 89' lang='lat' dir='ltr'>recipere</span> <span class='ocrx_word' id='word_1_370' title='bbox 532 2651 691 2699; x_wconf 86' lang='lat' dir='ltr'>lucem,</span> <span class='ocrx_word' id='word_1_371' title='bbox 722 2652 807 2692; x_wconf 90' lang='lat' dir='ltr'>hoc</span> <span class='ocrx_word' id='word_1_372' title='bbox 841 2658 924 2699; x_wconf 87' lang='lat' dir='ltr'>est,</span> <span class='ocrx_word' id='word_1_373' title='bbox 954 2651 1210 2703; x_wconf 84' lang='lat' dir='ltr'>intelligere</span> <span class='ocrx_word' id='word_1_374' title='bbox 1244 2651 1454 2691; x_wconf 87' lang='lat' dir='ltr'>Divinum</span> <span class='ocrx_word' id='word_1_375' title='bbox 1483 2651 1667 2699; x_wconf 89' lang='lat' dir='ltr'>Verum,</span> <span class='ocrx_word' id='word_1_376' title='bbox 1698 2653 1791 2693; x_wconf 90' lang='lat' dir='ltr'>sive</span> 
     </span>
     <span class='ocr_line' id='line_1_41' title="bbox 302 2713 1791 2766; baseline 0.001 -13"><span class='ocrx_word' id='word_1_377' title='bbox 302 2714 445 2754; x_wconf 86' lang='lat' dir='ltr'>malus</span> <span class='ocrx_word' id='word_1_378' title='bbox 469 2716 561 2755; x_wconf 86' lang='lat' dir='ltr'>sive</span> <span class='ocrx_word' id='word_1_379' title='bbox 585 2715 728 2755; x_wconf 91' lang='lat' dir='ltr'>bonus</span> <span class='ocrx_word' id='word_1_380' title='bbox 752 2716 835 2765; x_wconf 89' lang='lat' dir='ltr'>sit;</span> <span class='ocrx_word' id='word_1_381' title='bbox 869 2721 1076 2755; x_wconf 88' lang='lat' dir='ltr'>attamen</span> <span class='ocrx_word' id='word_1_382' title='bbox 1100 2727 1188 2754; x_wconf 89' lang='lat' dir='ltr'>non</span> <span class='ocrx_word' id='word_1_383' title='bbox 1213 2720 1365 2766; x_wconf 89' lang='lat' dir='ltr'>potest</span> <span class='ocrx_word' id='word_1_384' title='bbox 1389 2714 1545 2755; x_wconf 88' lang='lat' dir='ltr'>florere</span> <span class='ocrx_word' id='word_1_385' title='bbox 1569 2721 1614 2755; x_wconf 91' lang='lat' dir='ltr'>et</span> <span class='ocrx_word' id='word_1_386' title='bbox 1641 2713 1791 2755; x_wconf 51' lang='lat' dir='ltr'>fructi-</span> 
     </span>
     <span class='ocr_line' id='line_1_42' title="bbox 300 2776 1789 2830; baseline 0.001 -14"><span class='ocrx_word' id='word_1_387' title='bbox 300 2776 446 2824; x_wconf 89' lang='lat' dir='ltr'>ficare,</span> <span class='ocrx_word' id='word_1_388' title='bbox 484 2777 569 2818; x_wconf 94' lang='lat' dir='ltr'>hoc</span> <span class='ocrx_word' id='word_1_389' title='bbox 606 2784 690 2826; x_wconf 87' lang='lat' dir='ltr'>est,</span> <span class='ocrx_word' id='word_1_390' title='bbox 727 2792 884 2830; x_wconf 85' lang='lat' dir='ltr'>sapere</span> <span class='ocrx_word' id='word_1_391' title='bbox 923 2784 967 2817; x_wconf 89' lang='lat' dir='ltr'>et</span> <span class='ocrx_word' id='word_1_392' title='bbox 1007 2791 1142 2830; x_wconf 90' lang='lat' dir='ltr'>opera</span> <span class='ocrx_word' id='word_1_393' title='bbox 1179 2777 1323 2817; x_wconf 89' lang='lat' dir='ltr'>facere</span> <span class='ocrx_word' id='word_1_394' title='bbox 1361 2791 1474 2830; x_wconf 90' lang='lat' dir='ltr'>quae</span> <span class='ocrx_word' id='word_1_395' title='bbox 1514 2778 1633 2818; x_wconf 87' lang='lat' dir='ltr'>bona</span> <span class='ocrx_word' id='word_1_396' title='bbox 1670 2784 1789 2826; x_wconf 90' lang='lat' dir='ltr'>sunt,</span> 
     </span>
     <span class='ocr_line' id='line_1_43' title="bbox 300 2840 1789 2893; baseline 0.001 -15"><span class='ocrx_word' id='word_1_397' title='bbox 300 2840 383 2878; x_wconf 92' lang='lat' dir='ltr'>nisi</span> <span class='ocrx_word' id='word_1_398' title='bbox 421 2853 553 2892; x_wconf 89' lang='lat' dir='ltr'>quam</span> <span class='ocrx_word' id='word_1_399' title='bbox 587 2841 700 2880; x_wconf 89' lang='lat' dir='ltr'>sicut</span> <span class='ocrx_word' id='word_1_400' title='bbox 734 2841 892 2893; x_wconf 90' lang='lat' dir='ltr'>recipit</span> <span class='ocrx_word' id='word_1_401' title='bbox 926 2840 1136 2888; x_wconf 88' lang='lat' dir='ltr'>calorem,</span> <span class='ocrx_word' id='word_1_402' title='bbox 1172 2840 1256 2880; x_wconf 91' lang='lat' dir='ltr'>hoc</span> <span class='ocrx_word' id='word_1_403' title='bbox 1290 2846 1374 2888; x_wconf 91' lang='lat' dir='ltr'>est,</span> <span class='ocrx_word' id='word_1_404' title='bbox 1410 2841 1577 2880; x_wconf 91' lang='lat' dir='ltr'>bonum</span> <span class='ocrx_word' id='word_1_405' title='bbox 1611 2841 1789 2880; x_wconf 91' lang='lat' dir='ltr'>amoris.</span> 
     </span>
     <span class='ocr_line' id='line_1_44' title="bbox 305 2902 1788 2956; baseline 0.001 -13"><span class='ocrx_word' id='word_1_406' title='bbox 305 2902 514 2944; x_wconf 90' lang='lat' dir='ltr'>Creditur</span> <span class='ocrx_word' id='word_1_407' title='bbox 546 2917 570 2944; x_wconf 89' lang='lat' dir='ltr'>a</span> <span class='ocrx_word' id='word_1_408' title='bbox 602 2903 757 2944; x_wconf 87' lang='lat' dir='ltr'>multis</span> <span class='ocrx_word' id='word_1_409' title='bbox 784 2904 903 2956; x_wconf 88' lang='lat' dir='ltr'>quod</span> <span class='ocrx_word' id='word_1_410' title='bbox 931 2904 1105 2952; x_wconf 89' lang='lat' dir='ltr'>eruditi,</span> <span class='ocrx_word' id='word_1_411' title='bbox 1135 2904 1235 2956; x_wconf 85' lang='lat' dir='ltr'>quia</span> <span class='ocrx_word' id='word_1_412' title='bbox 1262 2903 1388 2956; x_wconf 84' lang='lat' dir='ltr'>plura</span> <span class='ocrx_word' id='word_1_413' title='bbox 1415 2917 1438 2944; x_wconf 89' lang='lat' dir='ltr'>e</span> <span class='ocrx_word' id='word_1_414' title='bbox 1465 2903 1619 2944; x_wconf 89' lang='lat' dir='ltr'>Verbo</span> <span class='ocrx_word' id='word_1_415' title='bbox 1651 2910 1696 2944; x_wconf 85' lang='lat' dir='ltr'>et</span> <span class='ocrx_word' id='word_1_416' title='bbox 1729 2917 1788 2944; x_wconf 88' lang='lat' dir='ltr'>ex</span> 
     </span>
    </p>
   </div>
  </div>
 </body>
</html>
