1962 3328
626 293 693 326 DE
725 292 906 325 DIVINO
936 291 1286 324 AMORE—XVI.
1645 291 1699 337 27

215 406 401 449 tulerint
427 406 634 460 jucundis
664 406 853 446 animae.
914 404 986 446 Illi
1017 404 1134 446 tales
1164 404 1342 445 fuerunt
1372 404 1418 445 in
1449 403 1619 446 mundo
1650 411 1698 446 ut

214 483 368 511 secum
399 482 618 523 nusquam
649 482 758 509 sane
788 468 1090 521 cogitaverint
1127 468 1209 508 nisi
1240 467 1347 507 dum
1372 467 1581 508 viderunt
1613 467 1696 508 ho-

214 532 370 573 mines.
430 531 611 573 Medela
640 532 839 572 insaniae
868 530 1047 571 illorum
1078 531 1188 571 haec
1222 531 1352 570 unica
1383 537 1468 579 est,
1501 530 1621 584 quod
1651 532 1696 571 in

214 608 375 648 operas
391 595 473 635 sub
489 594 636 647 judice
657 595 702 635 in
723 594 894 635 inferno
912 594 1176 643 mittantur;
1208 593 1420 647 quamdiu
1441 593 1501 634 ibi
1522 594 1566 634 in
1589 607 1697 647 ope-

213 658 272 698 ris
302 663 422 705 sunt,
450 670 540 698 non
570 658 828 707 insaniunt;
866 670 1030 710 operae
1055 657 1189 705 enim,
1217 656 1376 709 quibus
1402 663 1697 710 occupantur,

214 726 374 761 tenent
405 721 602 760 animum
634 721 747 760 sicut
778 720 823 760 in
848 733 1028 760 carcere
1058 725 1105 760 et
1135 719 1180 759 in
1211 719 1414 768 vinculis,
1442 732 1499 759 ne
1530 733 1697 773 exspa-

213 783 351 824 tietur
385 783 430 823 in
461 782 619 823 deliria
649 783 947 836 cupiditatum
978 781 1168 822 illarum.
1229 780 1404 835 Operas
1434 782 1493 823 ibi
1529 782 1698 824 faciunt

213 858 293 898 pro
309 843 441 894 victu,
461 843 640 893 ami6tu,
659 851 706 886 et
727 843 871 894 le&o;
903 845 967 885 ita
983 845 1122 885 invite
1144 858 1204 884 ex
1227 846 1516 893 necessitate,
1536 852 1582 886 et
1605 859 1697 886 non

211 908 349 949 libere
370 922 430 948 ex
451 906 699 950 affectione.
760 907 972 948 Vicissim
994 914 1161 955 autem,
1186 921 1344 948 omnes
1369 908 1432 948 illi
1457 909 1501 948 in
1528 909 1698 950 mundo

210 971 284 1024 qui
318 985 422 1011 usus
457 977 736 1019 amaverunt,
769 978 816 1011 et
852 985 912 1011 ex
948 984 1102 1011 amore
1133 970 1310 1011 illorum
1341 970 1542 1012 fecerunt
1579 971 1694 1020 illos,

209 1034 416 1086 cogitant
438 1047 548 1074 sane
569 1034 613 1074 in
636 1035 792 1087 spiritu
813 1047 908 1082 suo,
932 1040 979 1074 et
1001 1034 1182 1086 spiritus
1204 1033 1381 1074 illorum
1403 1047 1512 1075 sane
1534 1035 1578 1075 in
1596 1048 1695 1075 cor-

210 1109 343 1149 pore;
378 1109 486 1137 nam
512 1097 734 1149 cogitatio
759 1097 946 1137 interior
970 1096 1034 1137 ita
1066 1103 1136 1136 est
1162 1110 1338 1149 quoque
1364 1097 1587 1150 cogitatio
1612 1111 1695 1138 ex-

209 1159 359 1207 terior,
386 1166 433 1200 et
465 1173 543 1212 per
567 1159 684 1200 hanc
711 1173 770 1199 ex
798 1158 875 1199 illa
899 1165 970 1200 est
1002 1158 1181 1212 loquela
1207 1165 1253 1199 et
1279 1173 1456 1213 quoque
1482 1167 1551 1201 est
1577 1159 1696 1202 actio

208 1221 399 1263 illorum.
460 1220 654 1262 Affectio
680 1235 783 1262 usus
808 1222 1000 1262 detinuit
1032 1228 1233 1262 mentem
1259 1235 1414 1263 eorum
1444 1223 1489 1263 in
1521 1237 1582 1271 se,
1612 1237 1694 1264 nec

208 1285 313 1326 sinit
339 1291 388 1326 ut
413 1285 729 1338 exspatiantur
758 1285 803 1325 in
834 1298 966 1332 vana,
994 1285 1036 1324 in
1070 1284 1239 1325 lasciva
1270 1291 1317 1326 et
1349 1299 1524 1338 spurca,
1551 1286 1596 1326 in
1626 1287 1694 1327 in-

207 1348 382 1388 sincera
406 1354 454 1388 et
479 1347 652 1395 dolosa,
680 1348 725 1387 in
751 1347 939 1388 ludibria
965 1348 1186 1388 variarum
1212 1348 1694 1402 concupiscentiarum.

209 1409 280 1451 Illi
311 1416 417 1464 post
442 1417 636 1451 mortem
661 1409 773 1451 fiunt
799 1409 993 1460 similes;
1031 1416 1209 1451 mentes
1230 1409 1410 1451 illorum
1440 1411 1484 1451 in
1516 1419 1564 1451 se
1590 1419 1696 1454 sunt

206 1472 467 1526 angelicae;
498 1487 612 1527 quae
634 1472 740 1513 dum
766 1473 962 1513 aufertur
983 1473 1206 1526 cogitatio
1228 1474 1441 1521 exterior,
1465 1473 1577 1515 fiunt
1603 1476 1694 1528 spi-

205 1535 390 1577 rituales
411 1542 458 1576 et
479 1535 644 1588 angeli,
668 1536 732 1576 ita
753 1536 1024 1589 recipientes
1045 1536 1294 1589 sapientiae
1316 1534 1527 1577 caelestis
1549 1549 1576 1576 a
1597 1535 1694 1577 Do-

207 1599 342 1639 mino.
401 1598 477 1639 Ex
503 1598 571 1639 his
598 1611 714 1638 nunc
739 1605 867 1651 patet
893 1598 1014 1652 quod
1039 1598 1178 1639 homo
1201 1611 1292 1638 non
1318 1599 1376 1639 sit
1403 1611 1540 1639 sanae
1566 1611 1693 1640 men-

205 1662 264 1702 tis
289 1662 372 1702 nisi
396 1675 499 1702 usus
524 1662 582 1702 sit
608 1661 704 1714 ejus
729 1659 908 1702 affeffio
934 1667 1012 1702 aut
1038 1662 1295 1715 occupatio.

889 1946 1018 1987 XVI.

207 2089 377 2145 [Quon
414 2099 571 2132 omns
607 2099 755 2132 Homo
792 2100 869 2132 SIT
901 2100 1164 2140 AFFECTIO,
1199 2101 1263 2132 ET
1294 2100 1431 2141 QUon
1467 2101 1568 2133 Tor
1602 2101 1691 2134 AF-

373 2162 650 2195 FECTIONES
693 2163 886 2195 VARIAE
936 2163 1050 2195 SINT
1099 2163 1234 2204 Quor
1285 2163 1516 2196 HOMINES
1565 2164 1690 2197 NATI

372 2225 515 2266 SUNT,
549 2225 612 2256 ET
643 2225 779 2266 Quor
810 2225 1112 2258 NASCENTUR
1143 2226 1197 2257 IN
1229 2217 1547 2272 AETERNUM.]

289 2353 424 2408 Quod
454 2357 599 2396 omnis
630 2356 769 2397 homo
799 2357 858 2398 sit
889 2355 1078 2406 affectio,
1107 2364 1154 2398 et
1180 2358 1301 2411 quod
1333 2364 1405 2399 tot
1430 2357 1689 2400 affectiones

203 2418 352 2458 variae
382 2418 472 2458 sint
498 2425 608 2472 quot
637 2418 845 2460 ‘homines
876 2420 972 2460 nati
1003 2426 1123 2469 sunt,
1151 2427 1198 2461 et
1227 2427 1338 2474 quot
1370 2427 1615 2462 nascentur
1644 2423 1689 2462 in

202 2485 451 2529 aeternum,
474 2481 689 2534 imprimis
715 2489 925 2523 constare
952 2489 1107 2536 potest
1133 2497 1192 2524 ex
1218 2483 1392 2536 angelis
1418 2484 1531 2525 caeli
1557 2491 1603 2525 et
1629 2498 1687 2525 ex

203 2542 428 2595 spiritibus
449 2543 619 2592 inferni,
635 2545 708 2598 qui
725 2558 882 2585 omnes
900 2551 1005 2586 sunt
1021 2544 1280 2587 affeStiones
1298 2561 1308 2597 ;
1335 2547 1516 2600 spiritus
1531 2547 1687 2587 inferni

203 2603 459 2645 affectiones
482 2606 626 2646 malae
647 2621 759 2660 quae
783 2614 886 2648 sunt
908 2609 1311 2661 concupiscentiae,
1334 2616 1380 2650 et
1402 2610 1553 2662 angeli
1575 2610 1687 2650 caeli

202 2665 460 2708 affefflones
485 2668 642 2709 bonae.
703 2668 836 2722 Quod
862 2671 1006 2710 omnis
1032 2671 1168 2712 homo
1194 2673 1251 2712 sit
1277 2670 1466 2718 affectio.
1491 2679 1560 2713 est
1586 2673 1687 2725 quia

202 2730 297 2770 vita
313 2730 447 2783 ipsius
465 2737 534 2770 est
551 2745 689 2780 amor,
704 2739 750 2772 et
768 2734 931 2773 amoris
946 2734 1307 2774 continuationes
1325 2742 1370 2775 et
1386 2735 1685 2775 derivationes

202 2799 306 2833 sunt
323 2806 436 2846 quae
450 2800 667 2834 vocantur
680 2793 936 2836 affefflones
955 2810 964 2845 ;
997 2810 1131 2849 quare
1149 2795 1404 2837 affectiones
1422 2798 1464 2837 in
1483 2811 1530 2837 se
1548 2798 1683 2837 etiam

202 2862 305 2896 sunt
327 2869 514 2903 amoreS,
533 2857 612 2896 sed
634 2858 910 2898 subordinati
929 2860 1069 2899 amori
1087 2861 1312 2900 communi
1335 2867 1382 2900 ut
1405 2874 1484 2900 suo
1503 2861 1683 2901 domino

201 2924 279 2958 aut
309 2919 471 2971 capiti;
508 2932 608 2959 cum
639 2920 789 2973 itaque
820 2921 915 2973 ipsa
946 2922 1038 2962 vita
1070 2928 1139 2962 est
1172 2935 1310 2971 amor,
1338 2923 1537 2976 sequitur
1563 2923 1682 2976 quod
