1962 3328
321 267 343 296 2
351 266 370 309 5
376 257 432 309 76
734 265 1066 298 APOCALVPffls
1098 265 1396 297 EXPLICATA.

320 377 500 400 (Continuatio
510 377 540 399 de
550 378 626 399 Sexto
636 379 792 404 Praecepto.)

392 416 447 450 Ex
467 415 658 451 hactenus
672 417 799 451 allatis
814 416 997 451 concludi
1017 423 1149 462 potest
1164 416 1257 461 quid
1274 416 1366 451 boni
1389 427 1437 452 ex
1458 417 1639 452 castitate
1658 417 1696 452 in
1716 429 1811 453 con-

316 462 435 508 jugiis
463 464 637 503 resultat,
660 471 949 509 consequenter
974 464 1068 508 quid
1096 471 1188 498 sunt
1214 464 1319 498 bona
1344 475 1464 508 opera
1488 465 1682 500 castitatis
1708 475 1809 511 quae

318 509 416 543 fiunt
436 511 484 544 ab
504 511 664 545 homine
683 511 748 555 qui
778 511 877 556 fugit
903 511 1097 545 adulteria
1123 518 1166 544 ut
1193 518 1354 556 peccata
1380 518 1518 545 contra
1545 511 1692 551 Deum:
1718 519 1811 547 sunt

318 557 423 591 bona
440 568 560 602 opera
585 558 780 592 castitatis
807 569 906 602 quae
927 564 1171 592 concernunt
1192 558 1253 592 vel
1282 558 1388 603 ipsos
1414 558 1614 604 conjuges,
1633 559 1696 593 vel
1723 570 1812 604 pro-

317 604 394 638 lem
422 611 462 638 et
489 605 761 649 posteritatem
791 605 958 643 illorum,
977 605 1039 639 vel
1066 605 1276 640 societates
1302 605 1502 640 caelestes.
1555 605 1667 640 Bona
1692 617 1812 650 opera

317 651 510 686 castitatis
529 663 628 697 quae
643 659 888 686 concernunt
910 652 1016 696 ipsos
1031 652 1230 697 conjuges,
1246 659 1338 686 sunt
1357 663 1511 686 amores
1530 652 1753 697 spirituales
1771 659 1811 687 et

317 699 517 739 caelestes,
537 706 628 733 sunt
648 699 910 744 intelligentia
928 706 968 733 et
987 699 1190 743 sapientia,
1210 706 1302 733 sunt
1322 699 1549 733 innocentia
1560 706 1600 733 et
1618 710 1704 744 pax,
1720 706 1811 734 sunt

319 746 498 789 potentia
517 753 555 780 et
573 746 698 780 tutela
716 753 855 780 contra
875 745 1036 785 inferna,
1056 753 1096 780 et
1113 753 1252 780 contra
1271 746 1372 780 mala
1389 752 1429 780 et
1456 745 1552 780 falsa
1579 746 1682 783 inde,
1701 753 1812 781 sunt-

317 803 393 837 que
411 793 555 839 gaudia
574 793 817 837 multiplicia,
837 804 882 827 ac
900 793 1108 827 felicitates
1125 793 1163 827 in
1182 800 1406 832 aeternum;
1433 804 1532 838 quae
1559 793 1692 827 omnia
1719 800 1811 827 sunt

319 839 394 874 illis
429 840 495 884 qui
532 840 569 873 in
605 840 723 874 castis
758 840 953 885 conjugiis
989 840 1140 879 vivunt,
1176 840 1391 874 secundum
1427 838 1638 884 praedicta.
1700 840 1812 875 Bona

317 897 438 931 opera
456 887 649 921 castitatis
668 898 767 932 quae
786 894 1031 922 concernunt
1047 887 1196 932 prolem
1217 894 1256 921 et
1276 887 1560 931 posteritatem,
1580 894 1682 926 sunt,
1703 888 1809 932 quod

317 941 377 968 tot
410 941 450 968 et
476 941 591 968 tanta
621 934 724 968 mala
751 945 829 968 non
857 941 1147 969 connascantur
1172 934 1349 972 familiis:
1375 944 1487 968 amor
1511 934 1616 968 enim
1644 945 1812 980 regnans

318 988 525 1025 parentum
538 981 759 1015 traducitur
774 981 811 1015 in
825 982 987 1026 prolem,
1003 988 1043 1016 et
1061 982 1299 1026 quandoque
1320 981 1358 1015 in
1378 992 1504 1015 seram
1524 981 1810 1025 posteritatem,

318 1035 357 1062 et
380 1028 423 1062 fit
444 1028 518 1062 illis
539 1036 678 1062 natura
697 1029 935 1068 hereditata;
968 1028 1064 1063 haec
1083 1028 1276 1074 frangitur
1294 1035 1332 1062 et
1352 1028 1524 1062 mitescit
1549 1029 1654 1073 apud
1675 1039 1812 1073 paren-

316 1082 377 1110 tes
393 1075 458 1120 qui
475 1075 669 1110 adulteria
683 1082 726 1110 ut
746 1075 950 1110 infernalia
965 1075 1131 1121 fugiunt,
1147 1082 1187 1110 et
1205 1075 1391 1120 conjugia
1405 1082 1449 1108 ut
1463 1075 1647 1109 caelestia
1665 1082 1811 1110 amant.

319 1122 430 1156 Bona
464 1133 583 1167 opera
613 1123 806 1157 castitatis
835 1134 934 1168 quae
965 1129 1210 1157 concernunt
1239 1122 1450 1157 societates
1480 1122 1680 1162 caelestes,
1707 1129 1812 1162 sunt,

317 1170 423 1214 quod
443 1177 551 1204 casta
569 1170 754 1216 conjugia
771 1170 851 1204 sint
870 1170 1034 1204 deliciae
1053 1170 1162 1209 caeli,
1182 1169 1289 1215 quod
1317 1169 1396 1204 sint
1422 1168 1631 1203 seminaria
1657 1169 1751 1215 ejus,
1772 1176 1813 1204 et

316 1217 422 1262 quod
442 1217 522 1251 sint
541 1217 789 1251 firmamenta
807 1217 912 1262 ejus;
939 1217 1100 1251 delicias
1121 1217 1309 1262 praebent
1330 1216 1439 1250 caelo
1459 1227 1528 1260 per
1544 1216 1812 1250 communica-

316 1264 466 1304 tiones;
507 1264 716 1298 seminaria
750 1271 843 1298 sunt
877 1264 987 1298 caelo
1021 1275 1091 1309 per
1126 1263 1452 1308 prolificationes;
1491 1269 1531 1297 et
1566 1262 1813 1298 firmamenta

316 1318 409 1345 sunt
428 1312 538 1346 caelo
558 1322 627 1356 per
649 1311 869 1356 potentiam
897 1318 1035 1345 contra
1063 1310 1225 1349 inferna,
1246 1321 1334 1344 narn
1362 1310 1523 1355 spiritus
1550 1310 1734 1345 diabolici
1761 1311 1810 1344 ad

316 1358 581 1403 praesentiam
608 1358 754 1393 amoris
780 1358 1013 1404 conjugialis
1044 1358 1144 1392 fiunt
1170 1357 1382 1397 furibundi,
1401 1357 1548 1396 vesani,
1568 1368 1613 1392 ac
1640 1358 1811 1402 impotes

317 1405 472 1445 mentis,
492 1412 531 1440 et
551 1405 766 1451 projiciunt
785 1416 826 1440 se
847 1405 884 1439 in
906 1405 1157 1450 profundum.

390 1529 565 1572 1003.
605 1518 692 1558 “Ad
718 1518 941 1558 abeundum
972 1518 1027 1557 ad
1052 1530 1176 1571 reyes
1205 1521 1346 1558 {et-me
1376 1520 1420 1557 et
1455 1517 1563 1557 orbis
1597 1516 1732 1563 totius,
1763 1517 1819 1556 ad

319 1579 649 1632 congregandum
678 1579 768 1619 illos
806 1579 844 1618 in
879 1577 1317 1630 proelium.''—Quod
1349 1576 1574 1630 significet
1606 1577 1670 1617 ad
1693 1577 1811 1624 exci-

316 1641 498 1681 tandum
530 1641 719 1681 discidia
749 1647 791 1681 et
814 1647 995 1693 pugnas
1020 1647 1171 1680 contra
1202 1654 1308 1680 vera
1340 1639 1465 1691 apud
1484 1653 1629 1679 omnes
1654 1640 1733 1692 qm'
1757 1639 1812 1680 ab

314 1703 491 1744 ecclesia
516 1710 632 1751 sunt,
658 1710 840 1744 constat
868 1718 927 1743 ex
955 1702 1286 1756 significatione
1312 1701 1551 1755 “regum,''
1574 1702 1694 1755 quod
1721 1703 1810 1743 sint

317 1767 389 1819 qui
428 1767 470 1806 in
513 1768 629 1806 veris
671 1781 729 1806 ex
770 1766 892 1806 bono
934 1772 1052 1814 sunt,
1093 1772 1138 1806 et
1181 1763 1408 1806 abstrae‘te
1447 1778 1552 1805 vera
1593 1779 1652 1804 ex
1691 1765 1812 1806 bono

317 1839 371 1873 (de
391 1847 455 1875 qua
473 1839 607 1876 [supra],
625 1848 654 1868 n.
678 1839 742 1880 29,
761 1839 824 1879 31,
844 1837 934 1880 553,
951 1827 1077 1879 625);
1110 1841 1169 1867 ex
1196 1827 1529 1879 significatione
1555 1830 1742 1866 “terrae
1765 1833 1811 1867 et

316 1893 476 1941 orbis,”
509 1893 628 1946 quod
668 1893 724 1932 sit
763 1892 956 1932 ecclesia
988 1891 1137 1944 quoad
1170 1905 1322 1931 verum
1362 1897 1407 1931 et
1447 1891 1594 1944 quoad
1627 1891 1809 1938 bonum,

314 1954 378 1994 ita
403 1955 612 1994 universa
635 1953 828 1994 ecclesia
851 1964 905 1999 (de
918 1963 1176 2001 qua[supra],n.
1192 1962 1340 2004 741[b])
1360 1966 1368 2002 ;
1396 1966 1453 1991 ex
1478 1951 1811 2004 significatione

318 2018 528 2071 “proelii,
563 2018 683 2071 quod
721 2019 778 2058 sit
812 2018 1047 2058 discidium
1081 2018 1136 2057 de
1170 2017 1286 2057 veris
1320 2023 1366 2057 et
1398 2017 1542 2063 bonis,
1577 2030 1627 2056 ac
1661 2029 1812 2069 pugna

314 2080 563 2132 spiritualis
596 2090 650 2127 (de
674 2099 738 2126 qua
760 2090 895 2127 [supra],
912 2099 942 2118 n.
963 2088 1054 2131 573,
1076 2088 1201 2130 734):
1241 2092 1299 2118 ex
1331 2078 1400 2118 his
1426 2084 1555 2130 patet
1582 2078 1701 2130 quod
1733 2091 1813 2130 per

318 2145 481 2185 “abire
514 2144 570 2184 ad
602 2157 734 2196 reges
767 2150 913 2183 terrae
946 2150 992 2183 et
1026 2143 1146 2183 orbis
1179 2143 1318 2183 totius
1351 2142 1407 2182 ad
1440 2142 1811 2194 congregandum

315 2208 419 2248 illos
451 2208 494 2247 in
527 2206 787 2260 proelium,”
815 2205 1092 2258 significetur
1119 2206 1323 2246 excitare
1350 2205 1537 2244 discidia
1564 2211 1610 2244 et
1638 2218 1812 2257 pugnas

274 2276 285 2287 ⁸
314 2276 474 2310 contra
489 2283 594 2309 vera
613 2269 730 2322 apud
751 2282 910 2309 omnes
925 2270 998 2322 qui
1018 2269 1074 2308 ab
1089 2268 1281 2309 ecclesia
1300 2274 1418 2308 sunt.
1470 2267 1603 2319 Quod
1620 2267 1812 2307 ecclesia

314 2334 357 2372 in
387 2333 489 2373 lites
516 2332 572 2372 de
599 2333 717 2372 veris
744 2338 790 2372 et
817 2332 960 2379 bonis,
986 2338 1031 2372 et
1059 2333 1101 2371 in
1131 2345 1306 2384 pugnas
1335 2338 1493 2371 contra
1519 2330 1610 2378 illa,
1636 2337 1680 2371 et
1709 2337 1810 2370 tan-

317 2396 420 2436 dem
453 2397 497 2435 in
530 2396 732 2442 discidia,
762 2409 840 2448 per
866 2394 1010 2434 solam
1038 2394 1171 2435 fidem
1200 2395 1388 2442 venerit,
1418 2400 1545 2447 patet
1573 2393 1811 2434 manifeste

315 2472 373 2498 ex
402 2471 469 2505 eo,
495 2458 613 2510 quod
640 2458 746 2497 dum
770 2457 881 2498 fides
904 2457 981 2497 illa
1004 2464 1189 2510 recepta
1212 2457 1307 2505 fuit,
1334 2470 1423 2497 non
1447 2456 1640 2509 amplius
1663 2456 1811 2509 aliqua

316 2521 446 2573 copia
473 2521 582 2560 data
609 2521 667 2560 sit
695 2519 945 2560 intellectui
972 2520 1312 2573 introspiciendi
1345 2521 1387 2559 in
1415 2519 1521 2569 illa;
1555 2519 1664 2559 fides
1692 2520 1809 2559 enim

317 2583 508 2624 involvit
525 2584 644 2636 quod
663 2583 938 2623 credendum
958 2584 1030 2631 sit,
1051 2589 1278 2636 utcunque
1297 2589 1485 2635 apparet
1502 2595 1654 2622 coram
1674 2581 1808 2622 intel-

317 2645 464 2697 le&u;
493 2653 538 2687 et
559 2660 658 2687 cum
679 2652 938 2686 removetur
955 2644 1214 2686 intellectus
1233 2659 1257 2686 a
1275 2645 1375 2693 fide,
1396 2651 1655 2685 removetur
1672 2645 1809 2685 etiam

315 2709 586 2759 illustratio;
633 2723 719 2762 qua
755 2715 944 2756 remota,
985 2709 1123 2748 intrat
1163 2709 1360 2748 caecitas
1398 2714 1443 2748 et
1482 2708 1724 2760 stupiditas
1765 2708 1808 2747 in

316 2785 450 2812 omne
469 2771 715 2822 ecclesiae;
749 2773 791 2812 in
816 2786 903 2825 quo
927 2778 1050 2812 statu
1073 2772 1278 2811 existunt
1297 2784 1446 2810 merae
1471 2770 1573 2810 lites
1596 2771 1651 2810 de
1674 2783 1808 2810 sensu

316 2834 472 2881 Verbi,
490 2835 561 2887 qui
580 2835 636 2874 ad
656 2834 1012 2875 confirmandum
1028 2834 1326 2887 quodcunque
1346 2833 1469 2874 lubet
1489 2833 1606 2873 trahi
1625 2839 1778 2886 potest
1796 2847 1805 2882 ;

314 2897 418 2937 inde
446 2904 515 2938 est
539 2898 658 2951 quod
687 2897 878 2938 ecclesia
905 2897 1047 2937 divisa
1074 2898 1130 2937 sit
1165 2897 1208 2936 in
1235 2896 1464 2945 ecclesias,
1494 2903 1539 2936 et
1568 2897 1610 2936 in
1638 2895 1706 2936 his
1732 2902 1803 2937 tot
