1962 3328
567 285 673 318 CAP.
697 286 832 326 xvn„
855 285 993 318 VERs.
1015 275 1161 317 6.-Ν.
1190 285 1306 329 1050.
1531 276 1534 277 ’
1562 273 1670 327 2635

191 401 298 436 vitae
323 400 408 446 ejus
434 399 502 438 fit:
531 406 571 434 et
596 399 683 439 hoc,
702 398 735 434 si
761 397 939 434 sanetum
959 404 1030 438 est,
1049 409 1119 443 per
1144 397 1404 432 recessionem
1433 395 1673 441 profanatur.

156 462 159 465 ’
193 447 270 482 Sed
289 446 583 492 profanationes
597 447 714 491 hujus
727 445 883 492 generis
896 451 989 480 sunt
1002 444 1202 491 graviores
1216 451 1257 478 et
1274 443 1442 478 leviores
1455 443 1672 478 secundum

192 494 307 539 quale
331 494 414 528 veri
439 500 481 528 et
507 493 596 528 inde
622 493 725 532 fidei,
747 499 788 527 et
813 492 1029 527 secundum
1056 492 1172 536 quale
1197 490 1291 525 boni
1317 497 1358 524 et
1384 490 1474 524 inde
1499 489 1615 528 vitae,
1634 496 1674 523 et

191 541 408 576 secundum
427 541 542 585 quale
561 539 792 574 recessionis
809 540 858 573 ab
883 539 977 574 illis:
1001 549 1122 584 quare
1140 544 1233 572 sunt
1250 537 1369 582 hujus
1388 535 1674 582 profanationis

191 587 436 622 differentiae
454 586 658 632 specificae
677 586 819 632 plures.

262 708 434 752 1050.
473 697 552 737 “ft
580 710 636 738 ει
664 697 861 750 sanyuine
890 697 1050 737 {ostium
1078 695 1414 748 «lesu.''—Quod
1445 694 1670 748 significet

189 759 440 799 violentiam
461 759 634 799 illatam
655 759 746 799 illis
767 758 885 798 veris
919 758 1060 805 Verbi,
1084 772 1195 810 quae
1214 757 1363 797 docent
1382 756 1501 809 quod
1519 756 1670 795 Domi-

189 835 272 862 nus
292 821 411 862 solus
432 822 686 862 adorandus
707 821 780 870 sit,
800 827 983 862 constat
1010 835 1069 860 ex
1095 820 1425 873 significatione
1450 819 1670 871 “sangui-

190 884 296 932 nis,”
317 885 436 938 quod
463 886 520 925 sit
548 885 757 925 Divinum
784 884 954 925 Verum
981 884 1134 931 Verbi,
1161 890 1206 924 et
1229 883 1446 923 violentia
1472 883 1511 922 ei
1542 882 1671 922 illata

189 956 325 993 (utmox
339 957 474 995 supra);
505 951 551 986 et
573 959 632 985 ex
657 945 990 998 significatione
1018 945 1244 984 “testium
1263 943 1410 996 Jesu,''
1432 943 1553 996 quod
1579 943 1670 983 sint

190 1007 264 1060 qui
289 1007 424 1047 corde
455 1013 710 1059 agnoscunt
738 1006 981 1046 Dominum
1005 1013 1050 1046 et
1084 1006 1234 1058 Ipsum
1260 1005 1404 1045 solum
1436 1004 1591 1044 colunt
1623 1010 1670 1044 et

188 1070 407 1119 adorant;
454 1069 572 1122 quod
616 1070 811 1109 “testari
824 1069 843 1083 ‘'
880 1069 937 1109 sit
979 1082 1227 1121 agnoscere
1269 1068 1418 1115 corde,
1462 1074 1508 1107 et
1549 1067 1669 1120 quod

190 1133 537 1173 “testimonium
557 1131 695 1184 Jesu‘’
715 1132 778 1171 vsit
804 1132 977 1183 agnitio
1004 1131 1153 1170 Divini
1179 1131 1359 1170 Domini
1384 1130 1427 1169 in
1456 1129 1670 1169 Humano

188 1194 345 1246 Ipsius,
361 1201 407 1234 et
430 1194 548 1247 quod
572 1194 674 1246 Ipse
696 1193 816 1234 solus
838 1193 1054 1233 colendus
1077 1199 1123 1233 et
1146 1193 1402 1232 adorandus
1426 1193 1498 1239 sit,
1514 1191 1668 1232 videa-

186 1261 260 1295 tur
301 1254 472 1308 [supra]
510 1265 555 1302 (n.
590 1265 649 1298 10.
684 1265 747 1305 27.
778 1255 870 1297 228,
902 1264 1078 1305 392[b-e].
1107 1254 1202 1304 635.
1234 1253 1329 1304 649,
1363 1262 1475 1304 749).
1534 1252 1668 1304 Quod

185 1316 300 1356 veris
324 1315 476 1363 Verbi,
496 1330 608 1369 quae
631 1315 805 1355 docent·
822 1315 1078 1363 Dominum,
1098 1329 1124 1354 a
1147 1314 1435 1366 Babyl'onicis
1453 1314 1668 1354 violentia

185 1378 313 1419 illata
343 1379 415 1426 sit,
443 1378 679 1418 manifeste
712 1384 841 1431 patet
879 1391 937 1417 ex
974 1391 1043 1424 eo,
1081 1377 1200 1430 quod
1238 1377 1448 1416 Divinam
1487 1377 1668 1416 Domini

185 1447 464 1494 potestatem
487 1442 530 1480 in
558 1441 738 1493 Papam,
763 1446 811 1480 ut
837 1441 1049 1480 vicarium
1077 1440 1234 1493 Ipsius,
1259 1439 1592 1488 transtulerint,
1617 1446 1664 1479 et

186 1516 286 1543 cum
318 1502 395 1543 illa
430 1502 558 1543 simul
591 1502 760 1544 cultum
792 1509 838 1542 et
870 1502 1209 1552 adorationem;
1252 1508 1298 1542 et
1331 1502 1450 1554 quod
1483 1508 1668 1554 propter
1701 1499 1705 1503 ’

184 1565 310 1606 illum
350 1564 482 1605 finem
525 1565 830 1618 separaverint
873 1564 1084 1604 Divinum
1126 1565 1308 1604 Domini
1349 1565 1407 1604 ab
1454 1564 1666 1604 Humano

186 1628 343 1681 Ipsius,
364 1634 412 1668 ut
430 1628 578 1668 dicere
601 1634 786 1679 possent
808 1627 927 1680 quod
946 1641 1034 1667 non
1060 1627 1270 1667 Divinam
1294 1627 1437 1679 Ipsius
1460 1632 1667 1679 potesta-

185 1698 294 1737 tem,
319 1691 398 1731 sed
426 1690 683 1730 Humanam
707 1689 864 1742 Ipsius,
890 1690 1183 1742 susceperint,
1208 1703 1298 1729 non
1321 1689 1527 1729 volentes
1554 1690 1667 1729 scire

185 1753 305 1807 quod
338 1753 500 1793 Divina
531 1759 736 1805 potestas
768 1751 1073 1804 principaliter
1104 1753 1326 1792 consistat
1358 1752 1401 1791 in
1434 1758 1666 1804 potestate

186 1815 390 1856 salvandi
416 1828 557 1868 genus
583 1815 841 1860 humanum,
870 1827 1002 1867 quam
1033 1821 1314 1867 potestatem
1346 1828 1484 1866 usque
1517 1813 1666 1865 Baby-

185 1878 321 1918 lonici
351 1878 432 1918 sibi
465 1878 767 1930 appropriant.
829 1876 918 1917 Sed
949 1877 1005 1917 de
1037 1877 1120 1917 hac
1153 1891 1199 1917 re
1226 1876 1352 1929 plura
1377 1876 1481 1916 alibi
1512 1877 1666 1916 dicen-

185 1947 270 1982 tur.

184 2027 361 2051 (Continuam
369 2026 399 2047 de
408 2026 616 2052 Prosanaticme.)

255 2063 382 2099 Causa
410 2071 491 2098 tam
526 2063 711 2098 horrendi
746 2071 873 2099 status
907 2063 1203 2109 profanatorum
1231 2070 1320 2109 post
1349 2071 1517 2099 mortem
1545 2064 1664 2098 etiam

130 2145 133 2147 ,
184 2111 401 2156 detegetur.
443 2110 542 2145 Sunt
556 2110 706 2144 homini
721 2111 834 2145 binae
849 2118 1012 2148 mentes.
1029 2111 1215 2145 naturalis
1231 2118 1272 2145 et
1286 2111 1510 2156 spiritualis.
1553 2111 1591 2144 M
1597 2122 1666 2146 ens

185 2157 374 2192 naturalis
403 2157 438 2192 ei
468 2157 642 2202 aperitur
671 2168 740 2202 per
768 2157 953 2192 scientias
978 2165 1018 2192 et
1048 2158 1296 2203 cognitiones
1321 2158 1402 2192 veri
1425 2166 1464 2192 et
1494 2158 1598 2197 boni,
1625 2165 1666 2192 et

184 2215 295 2239 mens
320 2204 532 2249 spiritualis
557 2204 730 2248 aperitur
755 2215 824 2249 per
847 2205 968 2238 vitam
995 2205 1212 2239 secundum
1241 2205 1335 2243 illas,
1358 2205 1464 2250 quod
1492 2204 1536 2238 fit
1561 2205 1665 2249 apud

185 2251 272 2286 illos
293 2251 359 2297 qui
382 2261 473 2285 vera
493 2250 610 2285 Verbi
636 2251 775 2289 sciunt.
797 2258 1016 2296 agnoscunt
1035 2258 1075 2285 et
1096 2252 1272 2289 credunt,
1294 2262 1339 2286 ac
1361 2252 1576 2286 secundum
1600 2251 1666 2285 illa

182 2297 341 2338 vivunt;
368 2298 434 2332 illa
451 2309 561 2332 mens
579 2308 658 2331 non
673 2298 776 2342 apud
794 2298 891 2332 alios
909 2299 1093 2342 aperitur.
1139 2297 1310 2344 Quando
1329 2309 1438 2332 mens
1451 2297 1665 2342 spiritualis

185 2352 320 2390 aperta
344 2352 414 2383 est,
440 2351 535 2378 ωηο
562 2344 627 2378 lux
652 2345 759 2383 caeli,
786 2355 884 2390 quae
910 2351 971 2379 est
998 2344 1184 2379 Divinum
1212 2345 1370 2383 Verum,
1399 2356 1467 2389 per
1493 2345 1597 2378 illam
1626 2345 1664 2379 in

185 2398 357 2426 mentem
378 2391 594 2425 naturalem
614 2391 752 2429 influit.
771 2398 811 2426 et
834 2392 884 2425 ibi
907 2391 1082 2436 disponit
1100 2403 1192 2426 vera
1212 2392 1260 2426 ad
1283 2392 1664 2435 correspondentias.

185 2436 285 2472 Cum
303 2448 398 2483 ergo
415 2437 536 2471 homo
551 2437 588 2471 in
607 2438 847 2472 contrarium
865 2438 957 2477 abit,
976 2446 1016 2472 et
1034 2449 1126 2473 vera
1139 2438 1258 2472 Verbi
1275 2439 1380 2482 prius
1398 2438 1531 2482 agnita
1546 2445 1665 2483 negat

183 2484 245 2518 vel
267 2483 344 2519 fide
366 2484 427 2518 vel
454 2484 545 2522 vita,
567 2491 662 2518 tunc
689 2484 754 2519 illa
771 2495 870 2529 quae
898 2485 935 2518 in
963 2486 1130 2519 naturali
1153 2493 1284 2519 mente
1311 2491 1403 2518 sunt
1430 2495 1508 2518 non
1535 2495 1664 2519 corre-

183 2531 380 2576 spondent
397 2531 564 2575 amplius
584 2530 659 2565 illis
677 2542 775 2576 quae
796 2531 834 2565 in
854 2539 985 2566 mente
1000 2532 1191 2576 spirituali
1207 2538 1318 2570 sunt;
1346 2531 1436 2565 inde
1449 2531 1599 2565 caelum
1614 2542 1664 2565 ex

183 2587 254 2612 sua
278 2577 364 2612 luce
382 2588 451 2622 per
471 2585 643 2612 mentem
669 2578 910 2622 spiritualem
934 2579 1061 2612 influit
1084 2579 1121 2612 in
1145 2590 1222 2612 non
1244 2578 1604 2622 correspondentia‚
1624 2585 1664 2612 et

185 2624 223 2658 in
250 2624 306 2658 eis
331 2624 513 2669 opposita
539 2623 576 2658 in
604 2625 770 2658 naturali
801 2625 972 2665 homine,
999 2636 1046 2659 ex
1076 2636 1155 2670 quo
1183 2625 1316 2658 existit
1350 2625 1556 2669 phantasia
1580 2631 1662 2659 tam

184 2670 270 2705 dira
289 2677 332 2704 ut
353 2670 561 2704 videantur
580 2671 653 2705 sibi
674 2671 807 2706 volare
830 2672 867 2705 in
889 2683 977 2706 aere
999 2672 1100 2706 sicut
1126 2672 1326 2708 dracones.
1347 2678 1467 2716 utque
1489 2671 1600 2705 flocci
1622 2678 1663 2705 et

184 2717 316 2762 paleae
334 2724 547 2761 appareant
564 2717 620 2751 eis
638 2717 739 2752 sicut
756 2718 937 2763 gigantes
951 2727 991 2752 et
1005 2726 1167 2756 turmae,
1183 2729 1227 2752 ac
1245 2717 1443 2751 orbiculus
1457 2717 1558 2751 sicut
1577 2717 1663 2751 uni-

182 2774 319 2798 versus
337 2763 453 2801 orbis,
471 2770 511 2797 et
529 2763 670 2798 similia
688 2764 809 2808 plura.
859 2764 987 2799 Causa
1006 2765 1137 2809 itaque
1156 2771 1215 2798 est
1233 2765 1339 2809 quod
1361 2764 1511 2798 caelum
1533 2764 1589 2798 eis
1610 2764 1662 2798 sit

185 2809 224 2844 in
243 2816 374 2844 mente
394 2809 596 2854 spirituali,
611 2821 656 2845 ac
678 2811 872 2845 infernum
897 2812 934 2845 in
957 2818 1089 2846 mente
1112 2811 1298 2849 naturali:
1323 2817 1363 2844 et
1381 2821 1470 2845 cum
1497 2810 1660 2848 caelum.

183 2855 290 2901 quod
309 2856 347 2890 in
367 2863 498 2891 mente
519 2857 710 2901 spirituali
732 2864 803 2897 est,
821 2858 902 2901 agit
925 2859 962 2891 in
986 2857 1180 2892 infernum
1203 2857 1309 2902 quod
1333 2857 1371 2891 in
1394 2864 1526 2891 mente
1548 2864 1662 2891 natu-

185 2902 253 2937 rali
271 2909 341 2942 est,
360 2909 455 2937 tunc
475 2910 665 2948 apparent
685 2904 789 2939 talia.
839 2902 943 2950 Quia
964 2905 1019 2939 sic
1041 2903 1264 2939 intellectus
1285 2904 1414 2949 quoad
1436 2903 1571 2938 omnia
1590 2914 1662 2938 sua
