1962 3328
293 306 405 360 2856
709 315 1044 347 APOCALYPSIS
1076 314 1377 346 EXPLICATA.

294 434 333 463 ct
347 427 546 467 ecclesiae,
559 434 599 462 et
613 438 773 473 quoque
787 427 893 473 quod
909 427 960 461 sit
975 426 1271 472 omnipraesens
1285 433 1325 462 et
1339 426 1555 462 omniscius
1571 426 1609 461 in
1625 426 1791 473 singulis

294 482 334 510 et
351 475 674 520 singularissimis
693 475 922 520 angelorum
936 474 1033 508 caeli
1053 481 1093 508 et
1108 473 1315 508 hominum
1336 474 1534 509 ecclesiae.
1585 473 1689 520 Quia
1705 474 1791 508 uni-

294 533 453 557 versum
473 523 626 556 caelum
646 533 734 556 cum
750 521 916 556 ecclesia
933 532 1066 555 coram
1086 520 1260 556 Domino
1279 527 1339 555 est
1357 521 1460 556 sicut
1476 532 1579 555 unus
1598 521 1729 560 homo,
1743 532 1791 555 ex

295 569 459 604 arbitrio
478 580 644 615 magnus
662 576 730 603 aut
750 579 902 613 parvus,
923 567 1026 602 sicut
1047 568 1158 614 gigas
1180 575 1247 602 aut
1270 568 1372 603 sicut
1394 567 1532 606 infans,
1552 574 1661 613 patet
1683 568 1791 613 quod

295 617 378 651 vita
403 628 472 651 seu
500 616 704 661 spirituale
731 616 839 661 quod
867 615 1047 660 procedit
1073 626 1095 649 a
1123 615 1297 650 Domino
1324 626 1403 650 non
1430 615 1481 650 sit
1505 615 1541 649 in
1570 615 1700 660 spatio
1721 621 1792 650 aut

296 671 459 698 extensa
472 663 577 707 apud
597 663 759 708 angelos
774 663 871 697 caeli
890 669 930 697 et
947 663 1054 707 apud
1074 662 1256 697 homines
1271 662 1478 702 ecclesiae,
1504 669 1794 708 consequenter

296 712 404 756 quod
421 722 468 745 ex
489 710 586 745 ideis
605 710 847 744 removenda
865 710 944 744 sint
962 709 1088 754 spatia
1103 716 1143 744 et
1161 716 1352 754 tempora,
1370 716 1414 743 ut
1433 710 1794 755 comprehendatur

299 758 460 793 Domini
479 757 814 802 omnipraesentia
835 764 875 791 et
894 757 1171 792 omniscientia
1188 757 1293 802 apud
1312 767 1451 791 omnes
1469 763 1508 791 et
1527 756 1716 802 singulos.

378 875 534 918 1224.
574 875 696 913 [Verse.
717 876 761 913 9·]
803 865 880 904 “Et
902 865 1002 905 dixit
1027 865 1134 911 mihi,
1157 864 1537 917 Scribe.''-Quod
1568 863 1792 918 significet

300 930 418 982 quod
438 929 542 969 llaec
565 936 696 970 erunt
712 930 981 982 posteritati
1002 930 1046 970 in
1074 930 1339 977 memoriam,
1361 935 1544 970 constat
1568 944 1631 982 ex·
1650 930 1792 982 signi-

299 993 480 1033 catione
506 993 776 1041 “scribere‚”
800 993 918 1046 quod
947 994 1003 1033 sit
1031 993 1272 1033 inscribere
1295 994 1416 1033 vitae
1443 999 1488 1033 et
1515 992 1618 1033 fidei
1644 992 1793 1033 homi-

299 1054 367 1093 nlS
409 1065 462 1102 (de
478 1074 542 1102 qua
563 1065 747 1102 [supra],n.
775 1065 900 1104 222);
943 1061 989 1094 et
1026 1054 1148 1107 quod
1181 1055 1239 1094 Sit
1275 1060 1451 1094 certum
1488 1065 1533 1102 (n.
1556 1055 1680 1106 898);
1721 1053 1792 1094 th

302 1125 454 1159 autem
487 1119 606 1172 quod
639 1121 722 1159 erit
755 1120 1015 1172 posteritati
1048 1120 1090 1159 in
1119 1120 1396 1166 memoriam,
1422 1133 1525 1159 nam
1558 1120 1707 1172 agitur
1739 1119 1794 1159 de

300 1182 491 1222 ecclesia
513 1196 538 1222 a
563 1182 762 1222 Domino
785 1183 1092 1230 instauranda,
1112 1196 1225 1235 quae
1249 1182 1550 1235 per“Novam
1576 1182 1794 1223 Hieroso-

301 1245 502 1297 lymam‘'
533 1245 817 1298 intelligitur,
852 1245 964 1286 haec
1004 1246 1122 1286 enim
1160 1251 1230 1286 est
1263 1259 1376 1299 quae
1414 1245 1685 1298 intelligitur
1716 1258 1795 1298 per

303 1307 535 1342 “uxorem
556 1301 734 1355 ‘Agnis’
760 1309 806 1342 et
843 1316 1020 1355 quoque
1046 1309 1234 1342 vocatur
1259 1306 1412 1342 “uxor
1436 1302 1578 1355 Ipsius
1591 1301 1609 1316 ”
1640 1300 1795 1355 (Apoc.

301 1366 396 1404 xxi.
420 1377 459 1418 9,
491 1364 573 1419 10).

302 1463 478 1487 (continuatio
490 1463 529 1490 [de
541 1452 770 1489 Omm'pracsentia
781 1465 805 1484 et
815 1463 844 1484 dc
857 1462 1076 1489 omniscientiaJ.)

367 1501 419 1556 [5.
423 1500 435 1544 ]
477 1501 588 1545 Quod
602 1502 793 1535 Dominus
810 1501 919 1556 apud
935 1501 1019 1534 illos
1036 1502 1110 1544 qui
1131 1504 1244 1534 extra
1270 1500 1414 1534 caelum
1434 1503 1470 1533 et
1489 1499 1679 1534 eccbesz'am
1696 1503 1797 1540 sunt,

301 1550 432 1593 quiin
452 1549 607 1593 inferno
623 1551 724 1587 sunt,
743 1548 807 1582 vel
820 1559 863 1582 zn
889 1548 1089 1594 znsernum
1108 1549 1269 1581 ventum
1281 1551 1381 1586 sunt,
1400 1548 1517 1581 eliam
1535 1549 1717 1591 praesens
1736 1549 1797 1586 sil,

302 1598 337 1629 el
356 1597 455 1629 sciat
471 1606 614 1629 omnem
632 1595 786 1629 illorum
804 1599 959 1634 statum,
978 1606 1025 1628 ex
1033 1590 1235 1640 facultate
1251 1594 1509 1634 zmelledualz}
1527 1605 1626 1638 quae
1645 1598 1698 1628 est
1717 1606 1798 1628 cuz-

302 1644 362 1676 vis
390 1642 548 1682 lzomz‘nz,
575 1646 611 1676 et
643 1654 691 1676 ex
718 1645 894 1687 opposzssto
898 1641 1067 1676 —Omni
1098 1641 1249 1676 homini
1280 1648 1372 1676 sunt
1402 1648 1481 1676 tres
1510 1642 1655 1687 gradus
1681 1641 1797 1680 vitae.

304 1689 461 1724 infimus
479 1690 701 1724 communis
723 1700 812 1724 cum
835 1689 982 1728 bestiis,
1002 1699 1047 1723 ac
1068 1690 1149 1724 duo
1174 1688 1394 1734 superiores
1416 1688 1482 1733 qui
1504 1699 1592 1723 cum
1617 1688 1692 1723 illis
1719 1699 1798 1723 non

303 1747 534 1772 communes
553 1743 655 1771 sunt.
701 1736 835 1771 Homo
855 1747 925 1782 per
942 1736 1056 1771 binos
1078 1736 1152 1771 hos
1173 1736 1318 1781 gradus
1336 1735 1557 1780 superiores
1576 1742 1636 1770 est
1658 1736 1799 1775 homo;

303 1783 343 1818 hi
359 1783 479 1818 clausi
495 1790 586 1818 sunt
600 1785 702 1829 apud
721 1784 854 1824 malos,
871 1784 938 1818 sed
954 1783 1078 1828 aperti
1093 1784 1197 1828 apud
1211 1784 1347 1817 bonos.
1387 1783 1463 1817 Sed
1480 1783 1520 1817 hi
1534 1783 1679 1829 gradus
1693 1783 1798 1828 apud

304 1831 428 1865 malos
448 1841 527 1865 non
546 1831 666 1866 clausi
686 1838 779 1866 sunt
798 1842 868 1876 pro
887 1831 973 1865 luce
991 1830 1098 1870 caeli,
1115 1841 1215 1875 quae
1241 1837 1300 1864 est
1321 1829 1524 1874 sapientia,
1544 1841 1645 1875 quae
1663 1841 1799 1875 proce-

304 1878 363 1912 dit
381 1889 403 1912 a
425 1878 596 1912 Domino
615 1884 658 1912 ut
678 1877 768 1912 Sole
785 1889 792 1917 ;
819 1878 887 1913 sed
907 1877 1027 1912 clausi
1047 1884 1139 1912 sunt
1165 1888 1235 1922 pro
1257 1877 1397 1916 calore,
1417 1877 1484 1922 qui
1510 1884 1570 1911 est
1591 1887 1712 1916 amor,
1731 1877 1799 1922 qui

304 1925 421 1960 simul
440 1925 531 1959 inde
553 1925 742 1970 procedit.
796 1925 852 1959 Ex
870 1936 918 1960 eo
944 1932 1004 1959 est
1022 1925 1127 1969 quod
1156 1924 1264 1959 omni
1292 1924 1453 1964 homini,
1473 1924 1592 1959 etiam
1620 1925 1734 1964 malo,
1750 1925 1800 1959 sit

305 1973 470 2008 facultas
501 1972 757 2018 intelligendi,
785 1973 853 2007 sed
885 1983 963 2007 non
995 1971 1160 2006 facultas
1186 1971 1345 2006 volendi
1377 1982 1424 2006 ex
1457 1982 1591 2006 amore
1617 1971 1800 2006 caelesti:

304 2020 488 2055 voluntas
515 2019 619 2054 enim
647 2026 706 2054 est
728 2019 1019 2064 receptaculum
1042 2019 1192 2058 caloris,
1209 2018 1284 2053 hoc
1306 2025 1375 2057 est,
1391 2018 1546 2058 amoris,
1559 2029 1603 2053 ac
1626 2019 1800 2053 intellec-

305 2074 369 2102 tus
388 2073 447 2102 est
466 2067 756 2111 receptaculum
775 2067 873 2101 lucis
891 2077 959 2101 seu
979 2066 1195 2111 sapientiae
1214 2076 1261 2100 ex
1288 2065 1354 2100 illo
1382 2065 1483 2100 Sole.
1535 2064 1652 2111 Quod
1671 2066 1800 2100 omnis

306 2114 428 2149 homo
447 2124 525 2148 non
541 2113 591 2148 sit
611 2113 833 2159 intelligens
851 2120 890 2148 et
909 2113 1075 2158 sapiens,
1095 2120 1154 2147 est
1172 2113 1265 2158 quia
1284 2112 1346 2147 ille
1365 2112 1431 2158 qui
1450 2123 1530 2147 non
1549 2119 1608 2147 est
1626 2113 1800 2147 occluse-

306 2168 366 2196 rat
384 2161 488 2206 apud
507 2171 548 2195 se
570 2161 859 2205 receptaculum
887 2160 1031 2195 amoris
1051 2160 1153 2194 illius
1181 2171 1249 2204 per
1265 2159 1387 2194 vitam
1405 2171 1412 2199 ;
1439 2170 1518 2205 quo
1539 2160 1699 2194 occluso
1721 2171 1799 2194 non

306 2208 391 2243 vult
410 2207 627 2253 intelligere
642 2208 747 2242 aliud
767 2219 884 2253 quam
903 2208 1010 2253 quod
1025 2213 1141 2246 amat,
1158 2207 1196 2240 id
1216 2206 1319 2241 enim
1335 2207 1420 2241 vult
1434 2213 1473 2241 et
1490 2214 1597 2241 amat
1614 2207 1799 2252 cogitare,

307 2262 347 2291 et
378 2255 469 2289 inde
495 2265 653 2300 quoque
681 2255 909 2300 intelligere.
963 2254 1078 2288 Nunc
1098 2254 1191 2299 quia
1211 2253 1335 2288 cuivis
1362 2253 1514 2288 homini
1545 2260 1604 2288 est
1634 2253 1800 2288 facultas

309 2301 564 2348 intelligendi,
580 2302 698 2336 etiam
726 2302 840 2341 malo,
859 2308 899 2336 et
926 2301 990 2335 illa
1013 2301 1178 2335 facultas
1204 2308 1263 2335 est
1289 2311 1336 2335 ex
1367 2300 1515 2334 influxu
1543 2301 1640 2335 lucis
1666 2312 1687 2335 e
1710 2300 1801 2335 Sole

308 2349 375 2395 qui
394 2355 454 2384 est
474 2348 679 2388 Dominus,
695 2355 804 2394 patet
822 2349 929 2394 quod
951 2348 1145 2383 Dominus
1163 2348 1280 2382 etiam
1306 2358 1489 2401 praesens
1515 2348 1566 2382 sit
1587 2348 1691 2393 apud
1714 2347 1801 2383 illos

308 2396 375 2442 qui
403 2402 512 2430 extra
539 2396 689 2430 caelum
717 2403 756 2430 et
781 2395 985 2430 ecclesiam
1008 2401 1110 2433 sunt,
1130 2395 1196 2440 qui
1223 2395 1283 2429 vel
1312 2395 1349 2428 in
1373 2394 1526 2429 inferno
1551 2401 1654 2434 sunt,
1673 2395 1734 2429 vel
1762 2395 1800 2429 in

309 2443 504 2478 infernum
517 2443 671 2477 venturi
691 2451 795 2477 sunt.
849 2443 905 2476 Ex
924 2442 988 2477 illa
1006 2442 1191 2476 facultate
1207 2442 1325 2476 etiam
1341 2448 1400 2476 est
1415 2442 1521 2486 quod
1540 2442 1662 2476 homo
1676 2442 1801 2487 possit

309 2490 483 2536 cogitare
505 2496 545 2524 et
566 2490 790 2524 ratiocinari
812 2490 860 2524 de
878 2489 1006 2529 variis,
1026 2499 1126 2534 quae
1152 2500 1231 2523 non
1255 2495 1420 2533 possunt
1446 2489 1612 2527 bestiae:
1638 2496 1678 2523 et
1703 2500 1801 2534 quo-

310 2548 387 2582 que
408 2548 455 2571 ex
479 2537 543 2571 illa
567 2543 628 2571 est
648 2537 754 2581 quod
783 2537 904 2571 homo
925 2537 1033 2571 vivat
1060 2535 1098 2569 in
1125 2542 1339 2570 aeternum
1390 2535 1528 2570 Altera
1553 2536 1653 2570 ratio
1675 2537 1801 2571 omni-

309 2584 553 2629 praesentiae
583 2583 742 2618 Domini
778 2584 816 2617 in
849 2583 1012 2623 inferno,
1040 2589 1100 2617 est
1129 2583 1221 2627 quia
1255 2583 1480 2617 universum
1516 2583 1711 2617 infernum
1742 2590 1802 2618 est

309 2642 442 2665 coram
466 2630 649 2669 Domino,
672 2641 795 2676 aeque
821 2641 866 2665 ac
892 2630 1117 2665 universum
1145 2630 1306 2669 caelum,
1325 2629 1427 2663 sicut
1445 2641 1546 2665 unus
1569 2629 1713 2669 Homo,
1732 2631 1800 2665 sed

310 2684 354 2712 ut
375 2677 508 2712 Homo
528 2677 729 2717 Diabolus,
745 2688 812 2712 seu
832 2684 875 2711 ut
892 2677 1026 2711 Homo
1044 2684 1288 2716 monstrum,
1281 2688 1288 2695 ·
1313 2677 1417 2721 apud
1437 2677 1542 2711 hunc
1559 2683 1650 2712 sunt
1668 2677 1802 2712 omnia

311 2725 348 2759 in
369 2724 553 2769 opposito
571 2724 619 2759 ad
643 2724 708 2758 illa
729 2735 830 2777 quae
857 2724 893 2758 in
924 2724 1069 2759 Divino
1097 2723 1271 2758 Homine
1298 2724 1453 2768 Angelo
1479 2731 1583 2764 sunt;
1609 2735 1728 2769 quare
1754 2735 1803 2759 ex

310 2772 387 2806 hoc
411 2771 584 2806 Homine
609 2771 864 2820 cognoscitur
882 2782 999 2805 omne
1025 2771 1131 2816 quod
1157 2771 1261 2816 apud
1290 2771 1409 2809 illum,
1430 2771 1506 2805 hoc
1531 2777 1600 2810 est
1619 2782 1667 2805 ex
1692 2771 1802 2806 caelo

310 2829 428 2853 omne
447 2818 581 2863 quod
574 2829 612 2852 in
632 2818 807 2858 inferno;
835 2829 924 2852 nam
947 2829 994 2852 ex
1012 2819 1117 2852 bono
1136 2818 1388 2862 cognoscitur
1406 2818 1563 2857 malum,
1582 2824 1622 2852 et
1642 2828 1689 2852 ex
1707 2828 1801 2853 vero

310 2865 463 2903 falsum,
483 2865 538 2899 ita
555 2875 671 2899 omne
690 2865 804 2910 quale
823 2865 964 2899 horum
986 2875 1033 2899 ex
1060 2865 1164 2909 quali
1193 2865 1358 2899 illorum.
1410 2863 1510 2899 Sunt
1530 2871 1610 2899 tres
1635 2865 1743 2904 caeli,
1762 2871 1801 2899 et

311 2918 403 2946 sunt
420 2918 500 2946 tres
527 2911 686 2951 inferni;
713 2918 752 2946 et
778 2911 879 2946 sicut
900 2911 996 2946 caeli
1020 2911 1057 2945 in
1077 2912 1286 2946 societates
1312 2910 1487 2946 distincti
1509 2918 1611 2951 sunt,
1632 2911 1686 2946 ita
1703 2922 1801 2956 quo-

312 2969 388 3002 que
407 2958 557 2999 inferni,
578 2964 616 2993 et
634 2958 874 3004 unaquaevis
893 2958 1061 2993 societas
1083 2958 1222 2992 inferni
1245 2959 1526 3004 correspondet
1547 2969 1595 2993 ex
1615 2957 1800 3004 opposito
