1962 3328
272 257 384 309 2614
685 266 1017 299 APOCALYPSIS
1049 266 1349 299 EXPLICATA.

270 386 315 420 et
342 380 520 432 insuper
542 380 685 433 ipsum
708 380 926 433 templum
951 381 1236 421 combustum
1259 387 1328 421 est

337 468 404 506 (De
434 469 559 509 quibus
588 469 748 500 videatur
773 477 791 499 2
815 470 896 510 Reg.
924 470 1018 501 xxiv.
1045 477 1148 506 1-2o;
1181 479 1254 509 cap.
1279 479 1359 500 xxv.
1385 470 1487 501 1-26:
1521 474 1555 500 et
1579 475 1762 510 praeterea

444 513 543 544 Esai.
575 523 630 543 xx.
662 520 710 551 17,
740 513 800 549 18;
836 513 933 544 Emi.
963 513 1079 543 xxxix.
1110 513 1139 550 6,
1167 520 1202 551 7:
1241 514 1363 554 Jerem.
1389 523 1444 544 xx.
1469 521 1499 551 4,
1519 520 1557 551 5;
1593 523 1667 553 cap.
1693 513 1761 544 xxi.

443 565 550 593 4-103
583 566 656 595 cap.
682 566 763 587 xxv.
790 564 892 591 1—12;
926 566 1000 595 cap.
1029 556 1135 587 xxvii.
1159 556 1266 591 6—22;
1298 566 1372 596 cap.
1402 556 1521 587 xxviii.
1549 557 1653 593 1016:
1685 565 1760 595 cap.

445 600 537 630 xxix.
559 608 661 635 1—21;
695 609 768 638 cap.
790 600 895 630 xxxii.
916 597 1035 638 [¹]1-5;
1068 609 1142 639 cap.
1167 600 1284 630 xxxiv.
1308 607 1379 637 1-7,
1402 601 1527 636 18—22;
1558 609 1632 639 cap.
1658 609 1762 631 xxxv·

447 651 481 673 11
502 653 508 679 ;
533 653 606 682 cap.
626 643 768 674 xxxviii.
792 651 917 681 17-23;
942 653 1016 683 cap.
1038 644 1156 674 xxxix.
1177 644 1284 681 2-18;
1313 653 1387 683 cap.
1407 643 1465 674 xli.
1489 651 1591 682 1-12;
1620 653 1694 683 cap.
1716 643 1764 675 lii.

450 695 463 716 1
484 687 526 717 ad
546 687 675 723 finem).

271 767 674 821 Transgressiones
701 781 853 808 eorum
880 768 1069 816 fuerunt,

337 848 440 888 Quod
460 847 749 887 Hierosolymam
768 847 994 887 impleverint
1011 848 1185 887 sanguine
1203 848 1392 878 innocente
1413 848 1445 886 (2
1463 849 1543 889 Reg.
1561 848 1654 879 xxiv.
1671 847 1724 886 4);

338 891 441 932 Quod
472 891 668 921 suffiverint
699 891 807 928 Baali,
833 891 1021 921 libaverint
1049 891 1220 922 libamina
1247 891 1314 923 diis
1341 892 1429 929 aliis,
1460 892 1554 932 quod
1582 892 1766 932 posuerint

448 935 734 965 abominationes
760 935 795 964 in
822 935 929 964 domo
953 934 1122 975 Jehovae,
1148 935 1411 965 aedificaverint
1435 935 1575 965 excelsa
1600 934 1710 973 Baali,
1728 935 1765 966 in

450 978 541 1009 valle
556 977 730 1008 Hinnomi
744 978 964 1009 traduxerint
978 978 1067 1009 filios
1081 984 1115 1009 et
1129 978 1217 1009 filias
1231 988 1312 1009 suas
1329 978 1493 1009 Molecho
1506 978 1647 1020 (Jerem.
1657 978 1764 1010 xxxii.

448 1022 589 1061 29-35)=

274 1149 351 1189 per
369 1150 481 1190 quae
500 1137 648 1176 omnia
672 1135 947 1189 significatur
965 1137 1214 1189 profanatio
1236 1135 1494 1179 &notorum
1517 1137 1734 1178 ecclesiae
1755 1151 1764 1187 ;

274 1198 415 1252 qualis
443 1199 694 1252 profanatio
721 1200 857 1239 etiam
885 1199 1162 1251 significatur
1189 1213 1267 1252 per
1291 1204 1316 1219 ‘⁶
1335 1199 1599 1239 Babelem:'’
1631 1213 1766 1252 quare

274 1275 329 1302 ne
356 1268 488 1310 terra,
517 1275 594 1314 per
621 1276 753 1315 quam
780 1262 1116 1315 significabatur
1143 1262 1346 1310 ecelesia,
1374 1263 1432 1302 ab
1457 1262 1543 1302 illis
1575 1262 1765 1315 amplius

275 1324 597 1377 profanaretur,
627 1332 672 1365 et
706 1339 880 1378 quoque
914 1332 961 1365 ut
995 1325 1135 1365 Babel
1168 1325 1270 1364 inde
1303 1326 1766 1377 repraesentationem

274 1400 400 1427 suam
419 1387 549 1440 plene
572 1388 791 1433 indueret,
811 1386 980 1427 dietum
1003 1388 1082 1427 fuit
1104 1387 1190 1427 illis
1213 1402 1238 1427 a
1253 1387 1446 1439 jeremia
1468 1394 1515 1427 ut
1539 1401 1585 1427 se
1603 1395 1766 1439 sponte

275 1451 435 1491 darent
467 1451 509 1490 in
543 1464 699 1490 manus
726 1452 843 1503 regis
877 1450 1068 1498 Babelis,
1098 1458 1143 1491 et
1175 1452 1249 1504 qui
1282 1465 1328 1491 se
1361 1464 1451 1491 non
1483 1451 1661 1498 darent,
1687 1451 1767 1491 sed

275 1520 560 1554 remanerent
600 1515 643 1553 in
685 1521 816 1562 terra,
861 1520 1140 1554 morerentur
1179 1514 1345 1566 gladio,
1382 1514 1511 1561 fame,
1552 1520 1598 1554 et
1636 1521 1765 1566 peste

279 1576 464 1629 (Jerem.
483 1591 593 1616 xxv.
618 1576 755 1630 1—11).
817 1577 987 1617 Verum
1005 1578 1216 1630 quoniam
1236 1577 1455 1617 Dominus
1473 1578 1515 1616 in
1533 1577 1609 1616 illa
1627 1584 1766 1629 gente

276 1646 548 1688 nasceretur,
582 1653 633 1680 ac
674 1638 730 1679 Se
769 1639 1078 1679 manifestaret
1116 1639 1188 1679 ubi
1225 1646 1331 1679 tunc
1369 1639 1448 1679 fuit
1486 1639 1688 1687 ecclesia,
1722 1646 1768 1679 et

276 1703 348 1742 ubi
381 1703 523 1755 Ipsius
551 1703 767 1750 Verbum,
796 1703 896 1742 ideo
923 1716 1036 1755 gens
1066 1702 1143 1742 illa
1174 1710 1276 1754 post
1309 1703 1600 1755 septuaginta
1625 1715 1768 1742 anno-

275 1779 371 1805 rum
398 1767 712 1818 captivitatem
745 1779 771 1805 a
801 1765 968 1805 Babele
996 1763 1181 1805 redu&a
1206 1765 1300 1813 fuit,
1325 1773 1370 1805 et
1398 1764 1617 1817 templum
1643 1779 1768 1805 reae-

276 1828 502 1869 dificatum
544 1835 641 1879 est3
684 1829 762 1868 sed
801 1842 938 1881 usque
977 1841 1066 1868 non
1103 1828 1189 1868 alia
1224 1828 1415 1868 ecclesia
1446 1841 1580 1881 quam
1613 1828 1769 1868 similis

276 1892 492 1932 ecclesiae
519 1906 631 1945 quae
658 1898 845 1931 vocatur
873 1890 1199 1943 “Babylonia‚'’
1226 1891 1343 1942 apud
1370 1890 1470 1930 illos
1502 1891 1764 1942 permansit,

278 1962 326 1995 ut
353 1961 561 1994 constare
580 1960 732 2007 potest
751 1968 809 1994 ex
829 1953 1027 2006 pluribus
1050 1967 1162 2006 quae
1187 1953 1287 2005 Ipse
1312 1953 1531 1993 Dominus
1554 1953 1609 1994 de
1632 1961 1770 2006 gente

276 2017 352 2057 illa
393 2017 568 2057 locutus
614 2024 697 2065 est,
743 2024 788 2057 et
830 2017 1058 2070 quomodo
1100 2017 1252 2068 Ipsum
1294 2023 1586 2068 receperunt3
1634 2030 1770 2070 quare

280 2079 597 2132 Hierosolyma
628 2080 778 2120 denuo
810 2078 1040 2120 destrueta
1071 2086 1155 2127 est,
1181 2085 1226 2119 et
1259 2079 1477 2131 templum
1511 2079 1613 2131 igne
1646 2092 1769 2119 com-

277 2143 471 2183 bustum.
534 2143 584 2182 In
612 2156 780 2195 genere
812 2142 1043 2182 sciendum
1075 2148 1145 2182 est
1177 2142 1296 2195 quod
1330 2143 1475 2182 omnis
1507 2141 1696 2182 ecclesia
1726 2142 1771 2182 in

277 2206 490 2259 principio
516 2206 572 2245 sit
600 2206 713 2245 sicut
740 2206 880 2258 virgo,
906 2205 984 2244 sed
1012 2218 1250 2257 progressu
1277 2205 1494 2256 temporis
1520 2204 1596 2244 fiat
1624 2217 1768 2244 mere-

278 2269 367 2309 trix
386 2283 395 2319 ;
429 2282 506 2321 per
523 2268 688 2321 gradus
708 2269 825 2308 enim
845 2269 982 2308 intrat
1005 2268 1049 2307 in
1068 2269 1208 2307 vitam
1235 2267 1353 2315 mali,
1375 2274 1420 2307 et
1443 2267 1546 2307 inde
1570 2267 1770 2319 amplec-

278 2333 385 2372 titur
411 2330 661 2372 dofffflnam
687 2331 797 2379 falsi,
823 2331 936 2371 sicut
964 2344 1041 2383 per
1067 2331 1233 2383 gradus
1259 2331 1414 2382 incipit
1441 2343 1591 2370 amare
1623 2337 1770 2371 semet

278 2402 323 2435 et
361 2395 602 2444 mundum;
649 2401 694 2434 et
732 2400 839 2434 tunc
877 2394 934 2434 ab
975 2393 1166 2434 ecclesia
1207 2393 1255 2434 fit
1297 2393 1368 2433 vel
1412 2393 1662 2445 Babylonia
1697 2393 1771 2434 vel

279 2458 581 2507 Philisthaea;
617 2457 868 2509 Babylonia
895 2457 951 2496 ab
978 2456 1063 2496 illis
1090 2457 1162 2509 qui
1189 2470 1235 2496 se
1263 2470 1395 2509 super
1420 2457 1569 2496 omnia
1601 2463 1769 2503 amant,

279 2528 324 2561 et
363 2520 635 2561 Philisthaea
672 2520 728 2560 ab
764 2519 848 2559 illis
883 2520 955 2572 qui
991 2519 1205 2558 mundum
1243 2532 1374 2571 super
1405 2519 1554 2558 omnia
1585 2525 1769 2569 amant;

279 2597 382 2624 nam
409 2585 523 2624 sicut
549 2583 611 2624 illi
641 2583 731 2623 bini
763 2596 939 2622 amores
971 2589 1193 2630 crescunt,
1222 2582 1285 2622 ita
1317 2582 1521 2621 homines
1553 2582 1771 2622 ecclesiae

279 2647 536 2688 adulterant
574 2653 619 2686 et
657 2645 894 2686 falsificant
928 2646 1048 2685 bona
1080 2652 1126 2685 et
1163 2659 1269 2685 vera
1300 2644 1454 2692 Verbi,
1483 2645 1602 2698 quod
1639 2651 1709 2686 est
1745 2659 1772 2685 a

281 2711 451 2762 virgine
477 2709 569 2749 fieri
593 2709 820 2749 meretrix.
883 2707 1015 2760 Quod
1043 2708 1232 2748 ecclesia
1259 2709 1399 2760 prima
1425 2715 1528 2760 post
1555 2708 1769 2748 diluvium

280 2773 416 2813 etiam
445 2772 694 2824 Babylonia
723 2770 841 2812 faeta
866 2771 1032 2818 fuisset,
1062 2771 1144 2810 nisi
1177 2770 1395 2810 Dominus
1427 2784 1505 2822 per
1530 2771 1770 2823 dispersio-

282 2836 382 2875 nem
398 2835 623 2886 religionis
641 2834 816 2874 illorum
840 2839 1053 2874 conatum
1075 2833 1394 2885 impedivisset,
1409 2839 1772 2885 repraesentatur

281 2904 327 2938 et
349 2897 624 2950 significatur
650 2910 728 2950 per
756 2897 948 2937 “turrim
975 2910 1087 2949 quae
1114 2896 1391 2948 pertingeret
1424 2909 1561 2949 usque
1593 2896 1636 2936 in
1669 2909 1769 2936 cae-
