1962 3328
643 254 749 287 CAP.
774 254 869 295 xv,
892 253 1029 286 VERs.
1054 254 1198 297 3.——N.
1221 256 1317 298 941.
1606 254 1719 298 2497

240 372 375 406 natae
402 380 425 406 e
452 366 554 407 loco
578 367 622 407 in
650 366 812 414 locum,
841 366 919 407 sed
945 367 1203 419 aperiuntur
1229 366 1445 407 unicuivis
1471 366 1719 406 secundum

238 439 342 466 vera
368 426 487 478 ejus;
523 440 637 480 quae
663 428 763 467 viae
788 434 892 468 sunt
919 427 1035 467 tales
1067 434 1114 467 ut
1142 440 1276 467 nemo
1301 427 1374 480 qui
1405 427 1449 466 in
1481 426 1578 466 aliis
1603 428 1719 466 veris

238 493 308 527 est
340 486 440 526 illas
466 487 632 535 videat,
661 488 740 528 sed
771 487 847 527 ille
878 487 1000 527 solus
1018 502 1027 537 ;
1067 488 1236 528 ducunt
1269 487 1370 528 illos
1398 488 1496 527 viae
1527 487 1585 527 ad
1618 487 1723 535 loca,

238 560 326 600 quo
348 548 530 595 vadent,
551 555 598 587 ut
621 549 678 587 ad
700 549 945 588 societates
967 561 1068 588 cum
1091 548 1248 601 quibus
1271 547 1574 600 conjungendi
1597 554 1717 595 sunt,

237 621 316 647 seu
346 621 372 647 a
397 608 554 660 quibus
581 609 830 661 separandi,
858 615 905 648 et
932 609 1112 649 demum
1139 609 1195 648 ad
1223 609 1491 648 societatem
1517 608 1590 648 ubi
1616 622 1718 660 per-

238 669 432 708 mansuri
458 674 574 708 sunt.

236 754 434 779 (continuatio.)

305 787 405 822 Cum
424 788 672 833 purificatum
689 795 750 824 est
775 789 938 824 interius
956 788 1128 823 hominis
1153 799 1176 823 a
1202 789 1324 828 malis,
1342 799 1412 833 per
1426 788 1535 834 quod
1553 788 1720 823 daeistat

234 834 284 868 ab
302 834 377 869 illis
402 842 442 869 et
459 834 583 881 fugiat
604 835 670 870 illa
684 836 779 881 quia
794 842 887 870 sunt
904 842 1074 881 peccata,
1092 842 1187 870 tunc
1205 835 1378 880 aperitur
1396 835 1592 870 internum
1610 835 1718 880 quod

234 891 352 925 supra
377 881 472 915 illud
498 889 568 920 est,
586 883 693 927 quod
711 889 876 917 vocatur
893 882 1090 917 internum
1107 882 1328 927 spirituale:
1357 882 1434 916 hoc
1451 881 1720 916 communicat

234 937 325 963 cum
350 928 479 962 caelo:
513 928 604 963 inde
629 936 690 963 est
713 929 820 974 quod
847 929 969 963 homo
993 936 1088 963 tunc
1112 929 1398 963 intromittatur
1423 928 1462 962 in
1488 929 1652 967 caelum,
1678 934 1719 962 et

233 974 498 1020 conjungatur
513 974 695 1010 Domino.
746 974 846 1010 Sunt
863 976 943 1010 duo
962 975 1115 1010 interna
1127 976 1231 1020 apud
1251 975 1462 1014 hominem,
1476 986 1598 1008 unum
1619 974 1719 1008 infra

234 1026 274 1054 et
291 1021 456 1055 alterum
474 1032 610 1066 supra;
640 1022 836 1056 internum
853 1022 960 1067 quod
987 1021 1087 1056 infra
1104 1029 1174 1061 est,
1192 1029 1253 1057 est
1278 1022 1317 1055 in
1342 1032 1422 1066 quo
1442 1028 1502 1056 est
1528 1021 1660 1061 homo,
1678 1028 1720 1055 et

234 1077 283 1101 ex
299 1078 379 1112 quo
395 1068 555 1112 cogitat,
574 1069 668 1102 dum
686 1068 784 1103 vivit
803 1069 841 1102 in
860 1069 1019 1107 mundo,
1038 1076 1098 1102 est
1115 1069 1219 1103 enim
1238 1069 1436 1108 naturale:
1462 1068 1537 1102 hoc
1555 1068 1719 1103 distinc-

233 1113 354 1148 tionis
371 1124 488 1148 causa
505 1114 658 1148 dicetur
675 1114 857 1149 interius:
886 1115 1083 1149 internum
1100 1122 1231 1149 autem
1250 1115 1356 1160 quod
1373 1126 1491 1160 supra
1508 1122 1577 1153 est,
1597 1122 1656 1149 est
1679 1114 1718 1148 in

233 1160 340 1205 quod
359 1160 480 1195 homo
497 1161 606 1195 venit
623 1167 712 1206 post
739 1168 905 1195 mortem
924 1162 1018 1195 dum
1046 1162 1084 1195 in
1110 1162 1282 1202 caelum;
1311 1172 1448 1196 omnes
1466 1162 1593 1207 angeli
1620 1161 1718 1196 caeli

235 1206 274 1240 in
305 1206 380 1241 hoc
410 1206 564 1241 interno
597 1214 700 1246 sunt,
730 1214 790 1242 est
822 1208 926 1242 enim
957 1207 1177 1253 spirituale:
1214 1208 1290 1242 hoc
1320 1208 1515 1242 internum
1545 1208 1720 1252 aperitur

234 1252 384 1287 homini
409 1253 476 1298 qui
502 1253 602 1299 fugit
627 1254 730 1288 mala
754 1261 798 1288 ut
823 1261 1002 1299 peccata:
1030 1262 1071 1288 at
1088 1266 1182 1289 vero
1198 1255 1374 1290 clausum
1392 1262 1549 1289 tenetur
1567 1254 1718 1289 homini

234 1299 302 1344 qui
319 1309 398 1334 non
417 1299 518 1345 fugit
535 1300 638 1335 mala
659 1307 703 1335 ut
729 1308 900 1345 peccata„
950 1300 1078 1335 Causa
1094 1302 1201 1346 quod
1228 1301 1304 1335 hoc
1323 1301 1519 1336 internum
1537 1309 1719 1336 teneatur

233 1346 408 1380 clausum
428 1345 577 1381 homini
595 1347 662 1392 qui
684 1358 761 1381 non
781 1347 882 1393 fugit
899 1348 1002 1382 mala
1019 1355 1063 1382 ut
1081 1355 1252 1392 peccata,
1271 1354 1331 1382 est
1348 1348 1440 1393 quia
1458 1348 1631 1387 interius,
1649 1359 1720 1382 seu

234 1392 430 1426 internum
456 1394 642 1433 naturale,
668 1400 879 1439 antequam
906 1394 1133 1439 purificatus
1158 1402 1218 1429 est
1248 1395 1368 1429 homo
1398 1405 1421 1429 a
1451 1395 1632 1439 peccatis,
1658 1401 1718 1428 est

234 1438 447 1478 infernum:
477 1446 516 1474 et
533 1441 721 1484 quamdiu
741 1440 934 1475 infernum
962 1442 1014 1475 ibi
1040 1449 1110 1481 est,
1131 1452 1209 1475 non
1234 1441 1374 1486 aperiri
1399 1448 1528 1486 potest
1546 1442 1719 1476 caelum:

233 1491 294 1520 ast
318 1491 363 1519 ut
388 1485 555 1530 primum
574 1494 768 1521 remotum
787 1494 847 1522 est
870 1487 1076 1527 infernum,
1095 1496 1189 1522 tunc
1207 1488 1391 1532 aperitur.
1441 1488 1495 1522 At
1512 1488 1718 1523 sciendum

234 1538 295 1566 est
319 1532 425 1577 quod
455 1539 609 1567 tantum
635 1533 832 1578 aperiatur
857 1534 1052 1569 internum
1079 1535 1281 1579 spirituale
1306 1545 1351 1569 ac
1376 1535 1527 1569 caelum
1554 1534 1717 1574 homini,

234 1585 425 1658 guantum
439 1579 667 1623 purificatur
680 1580 876 1615 internum
891 1582 1068 1616 naturale
1085 1582 1135 1615 ab
1154 1581 1306 1616 inferno
1320 1582 1426 1626 quod
1446 1582 1517 1622 ibi;
1544 1581 1620 1616 hoc
1638 1592 1718 1615 non

261 1631 279 1658 t
295 1635 373 1659 una
388 1625 485 1666 vice,
499 1626 567 1660 sed
586 1638 656 1671 per
671 1628 815 1672 gradus
828 1628 1058 1662 successive.
1111 1628 1168 1662 Ex
1186 1628 1247 1663 his
1264 1635 1445 1663 constare
1462 1634 1593 1673 potest
1610 1628 1717 1673 quod

234 1671 355 1706 homo
372 1682 419 1706 ex
437 1683 478 1707 se
495 1673 547 1707 sit
565 1673 770 1713 infernum,
785 1681 824 1708 et
841 1675 947 1719 quod
965 1685 989 1709 a
1009 1675 1181 1709 Domino
1195 1675 1263 1709 fiat
1280 1675 1449 1713 caelum;
1474 1685 1718 1719 consequen-

233 1724 294 1752 ter
309 1718 414 1763 quod
433 1729 456 1753 a
475 1718 647 1754 Domino
664 1720 851 1764 eripiatur
868 1732 916 1755 ex
934 1721 1096 1760 inferno.
1112 1729 1151 1756 et
1168 1722 1343 1756 elevetur
1359 1722 1408 1755 ad
1428 1721 1477 1756 Se
1497 1722 1534 1755 in
1553 1722 1717 1760 caelum.

234 1774 313 1798 non
343 1764 579 1806 immediate,
608 1767 678 1801 sed
708 1768 898 1808 mediate:
934 1768 1064 1802 media
1091 1775 1183 1802 sunt
1214 1775 1421 1813 praecepta
1450 1769 1570 1803 modo
1600 1767 1717 1808 dicia,

234 1820 304 1855 per
319 1821 419 1856 quae
438 1811 632 1848 Dominus
650 1813 759 1848 ducit
777 1814 885 1848 illum
903 1815 970 1860 qui
988 1815 1072 1849 vult
1090 1816 1193 1849 duci.

314 1912 444 1955 941.
482 1903 598 1943 “Rex
619 1904 1088 1957 sanctorum.''—Quod
1115 1905 1339 1957 significet
1365 1905 1471 1958 quia
1496 1905 1717 1945 Divinum

246 1961 406 2003 Verum
435 1971 502 2004 est
530 1965 645 2017 Ipse,
684 1973 866 2006 constat
903 1980 961 2006 ex
999 1966 1328 2018 significatione
1362 1966 1580 2019 “Regis‚’'
1613 1980 1715 2007 cum

234 2023 290 2062 de
316 2023 529 2071 Domino,
553 2027 673 2078 quod
700 2027 757 2066 sit
785 2026 998 2066 Divinum
1021 2027 1192 2067 Verum
1221 2039 1275 2070 (de
1290 2047 1353 2075 qua
1370 2038 1504 2075 [supra]‚
1521 2047 1550 2067 n.
1569 2038 1633 2079 29,
1653 2038 1716 2078 31.

237 2092 327 2134 553.
343 2083 468 2135 625);
499 2090 545 2124 et
572 2098 631 2124 ex
657 2085 990 2138 significatione
1018 2087 1356 2134 “sanctorum,”
1378 2088 1497 2140 quod
1524 2089 1614 2127 sint
1640 2087 1715 2139 qui

232 2142 277 2181 in
300 2141 471 2182 Divinis
497 2144 613 2183 veris
644 2157 669 2183 a
702 2144 900 2185 Domino
930 2153 1034 2186 sunt
1066 2158 1120 2193 (de
1135 2157 1397 2194 qua[supm]‚n.
1416 2157 1526 2197 204).
1586 2145 1714 2198 Quo—

235 2203 354 2242 niam
382 2203 591 2243 Divinum
619 2204 788 2245 Verum
816 2207 1021 2258 procedit
1049 2221 1074 2247 a
1101 2207 1312 2255 Domino,
1340 2215 1410 2248 est
1444 2208 1543 2260 Ipse
1576 2207 1714 2258 illud3

233 2275 337 2303 nam
377 2264 495 2316 quod
533 2266 735 2317 procedit
772 2267 828 2306 ab
864 2267 1027 2320 aliquo,
1067 2275 1136 2308 est
1178 2270 1284 2321 ipse.
1363 2268 1462 2308 Hoc
1501 2268 1715 2310 illustrari

234 2330 386 2376 potest
423 2338 482 2364 ex
522 2325 722 2378 angelis;
769 2341 827 2367 ex
864 2327 950 2367 illis
987 2330 1190 2381 procedit
1229 2329 1418 2382 sphaera
1455 2330 1712 2382 spiritualis,

232 2397 346 2437 quae
382 2391 450 2425 est
489 2399 546 2426 ex
579 2385 814 2428 affeffione
845 2389 965 2428 vitae
997 2403 1175 2438 eorum3
1220 2390 1376 2430 eadem
1414 2390 1488 2429 illa
1520 2389 1712 2438 affectio,

233 2457 344 2496 quae
371 2452 440 2485 est
466 2446 508 2486 in
535 2446 635 2493 illis,
661 2449 863 2499 procedit
890 2463 966 2489 seu
992 2449 1230 2490 effunditur
1257 2464 1314 2489 ex
1342 2450 1427 2489 illis
1454 2450 1509 2490 ad
1537 2451 1712 2491 distan-

233 2505 357 2553 tiam,
385 2519 443 2545 ex
475 2520 560 2559 qua
592 2508 728 2547 etiam
760 2509 817 2548 ab
847 2509 944 2549 aliis
971 2517 1308 2562 cognoscuntur
1334 2510 1487 2562 quales
1517 2518 1636 2558 sunt,
1664 2518 1712 2553 et

233 2565 411 2605 ubinam
435 2574 564 2616 sunt;
597 2574 642 2607 et
666 2569 767 2621 quia
791 2569 980 2621 sphaera
1003 2571 1251 2623 procedens
1270 2585 1327 2610 ex
1351 2570 1436 2610 illis
1459 2578 1527 2611 est
1551 2572 1711 2613 eadem

233 2637 332 2665 cum
358 2625 591 2667 affectione
617 2629 736 2668 vitae
763 2629 938 2669 illorum
965 2631 1007 2670 in
1035 2631 1135 2677 illis,
1161 2637 1262 2670 sunt
1290 2631 1371 2683 ipsi
1398 2645 1475 2671 sua
1502 2632 1709 2684 sphaera,

234 2698 311 2725 seu
336 2685 510 2727 affectio
536 2689 796 2740 procedens.
858 2690 902 2729 A
935 2690 1131 2730 Domino
1157 2698 1307 2730 autem
1334 2698 1382 2731 ut
1416 2691 1519 2732 Sole
1552 2707 1710 2745 proce-

234 2745 300 2785 dit
328 2745 551 2795 Divinum,
576 2750 694 2801 quod
721 2750 878 2802 implet
901 2752 1154 2790 universum
1178 2751 1365 2799 caelum,
1389 2759 1434 2792 et
1458 2754 1575 2805 quod
1603 2754 1710 2795 facit

234 2805 422 2854 caelum,
459 2821 511 2848 ac
555 2809 597 2848 id
641 2810 848 2850 Divinum
886 2818 1072 2850 vocatur
1114 2811 1324 2852 Divinum
1362 2812 1558 2864 Verum;
1604 2815 1709 2856 inde

234 2872 362 2919 patet
388 2869 505 2921 quod
534 2869 742 2910 Divinum
771 2871 938 2911 Verum
965 2872 1022 2912 sit
1050 2871 1163 2924 Ipse.
