1962 3328
240 249 351 291 2512
653 246 982 279 APOCALYPSIS
1014 247 1311 279 EXPLICATA.

237 360 372 408 bono,
392 365 438 401 et
461 365 564 400 sunt
588 373 700 413 quae
723 360 766 400 in
789 373 908 408 vero,
929 366 973 400 et
996 359 1133 400 homo
1156 372 1245 399 non
1269 357 1730 399 communicationem.

238 423 422 463 habebit
449 436 549 462 cum
576 423 868 463 societatibus
898 422 1082 462 diversis
1113 421 1255 469 simul,
1285 421 1387 461 inde
1419 422 1536 461 enim
1569 421 1720 461 confu-

237 486 328 525 sio:
363 485 480 538 quod
507 485 616 525 haec
645 486 700 525 sit
727 498 861 525 causa
883 485 1008 524 istius
1034 485 1207 532 statuti,
1233 482 1449 524 haetenus
1477 496 1610 523 nemo
1636 484 1720 524 sci-

237 548 328 597 vit;
362 548 467 587 mihi
490 554 641 587 autem
667 547 709 587 id
737 548 847 587 scire
879 547 1034 587 datum
1066 553 1135 587 est
1167 561 1225 587 ex
1259 547 1508 586 mutatione
1531 546 1722 586 vestium

239 622 463 660 mearum;
496 617 622 650 veste
646 611 763 650 enim
787 624 844 649 ex
869 609 959 650 lino
977 610 1195 662 deposita,
1213 609 1446 662 conquesti
1469 614 1572 648 sunt
1595 607 1657 648 illi
1679 609 1722 647 in

239 673 406 713 mundo
432 672 648 725 spirituali
675 673 746 725 qui
773 673 815 712 in
848 673 962 712 veris
993 679 1135 720 erant,
1163 671 1281 725 quod
1314 685 1403 711 non
1435 671 1593 711 adesse
1617 684 1720 723 pos-

239 741 366 785 sent;
399 749 449 775 ac
477 735 624 782 iidem,
645 741 826 786 recepta
848 735 1006 774 iterum
1029 740 1170 782 veste,
1195 734 1397 774 aderant.
1460 733 1592 786 Quod
1620 733 1722 773 talis

239 798 636 849 correspondentia
668 810 767 837 cum
800 798 904 849 ipsis
936 797 1136 837 vestibus
1173 797 1364 836 hominis
1401 797 1471 843 sit,
1506 794 1722 836 haetenus

238 860 444 912 ignotum
461 860 540 900 fuit
561 874 569 910 ;
603 860 680 900 sed
704 874 841 913 usque
865 866 1072 899 constare
1092 865 1243 910 potest
1267 873 1325 898 ex
1348 858 1433 898 illis
1456 872 1568 911 quae
1590 872 1722 910 supra

240 923 379 963 allata
418 929 535 970 sunt,
569 935 730 974 nempe
763 937 821 962 ex
853 922 1052 962 vestibus
1084 921 1159 961 lini
1192 921 1420 961 Aharonis
1457 928 1502 962 et
1534 921 1722 961 filiorum

239 985 344 1037 ejus,
364 1000 422 1025 ex
446 986 634 1038 ephodis
658 985 733 1025 lini
756 999 868 1038 quae
891 984 1192 1024 sacerdotibus
1215 990 1260 1024 et
1289 984 1465 1031 Davidi,
1482 998 1541 1023 ex
1573 983 1726 1038 linteis·

240 1048 396 1100 quibus
423 1049 566 1088 induti
598 1054 898 1100 apparuerunt
931 1046 1094 1099 angeli,
1123 1060 1181 1086 ex
1214 1046 1354 1087 linteo
1385 1060 1473 1099 quo
1506 1045 1724 1086 Dominus

241 1109 298 1150 Se
330 1111 554 1151 succinxit
586 1117 632 1151 et
672 1111 882 1150 abstersit
915 1109 1052 1162 pedes
1084 1108 1426 1161 discipulorum:
1461 1115 1556 1149 tum
1588 1109 1723 1148 etiam

240 1187 298 1214 ex
325 1173 502 1226 reliquis
528 1173 728 1214 vestibus
755 1172 980 1213 Aharonis
1006 1179 1051 1213 et
1083 1172 1269 1212 filiorum
1294 1171 1399 1223 ejus,
1428 1185 1540 1225 quae
1566 1184 1723 1212 omnes

242 1243 369 1276 erant
410 1237 846 1288 repraesentativae;
893 1242 939 1276 et
980 1250 1038 1276 ex
1080 1234 1406 1287 significatione
1448 1234 1638 1274 vestium
1679 1234 1723 1274 in

240 1309 424 1348 genere,
453 1297 574 1349 quod
600 1298 689 1337 sint
712 1311 818 1337 vera
843 1297 1076 1337 induentia
1107 1297 1275 1336 bonum
1303 1305 1357 1343 (de
1377 1315 1441 1342 qua
1456 1306 1599 1334 videatur
1617 1314 1723 1343 supra,

241 1374 270 1395 n·
286 1355 352 1406 64.
368 1355 434 1407 65.
457 1365 545 1407 195¹
563 1366 655 1407 271,
675 1365 766 1407 395¹
781 1365 930 1408 475[a]‚
945 1355 1041 1407 476¹
1057 1355 1169 1407 637).

242 1441 285 1463 (Ca
286 1443 326 1462 ntr
325 1442 420 1462 'nuntio
431 1441 461 1462 de
471 1442 517 1462 Pr:
515 1442 662 1463 moPraece
638 1444 704 1467 ceopt
706 1443 723 1467 .)

314 1474 404 1509 Non
430 1475 603 1510 creditur
628 1476 666 1509 in
694 1477 843 1511 mundo
869 1476 975 1521 quod
1002 1486 1113 1509 arnor
1130 1474 1347 1519 imperandi
1374 1486 1422 1510 ex
1447 1475 1532 1510 solo
1549 1475 1725 1520 J'ucundo

242 1522 405 1568 imperii,
420 1528 459 1557 et
473 1533 584 1557 amor
597 1523 823 1567 possidendi
843 1524 946 1558 bona
959 1533 1007 1557 ex
1025 1522 1110 1557 solo
1122 1522 1298 1567 jucundo
1312 1521 1570 1568 possessionis
1587 1529 1627 1556 et
1645 1533 1723 1556 non

241 1579 289 1603 ex
317 1568 494 1613 jucundo
524 1579 679 1607 usuum,
708 1569 925 1603 recondant
952 1569 990 1602 in
1021 1580 1062 1603 se
1088 1570 1222 1604 onmia
1247 1571 1359 1609 mala,
1386 1577 1426 1604 et
1451 1581 1607 1615 quoque
1633 1581 1727 1605 con-

241 1622 438 1668 temptum
464 1622 503 1650 et
531 1614 784 1660 rejectionem
813 1616 989 1650 omnium
1016 1627 1116 1661 quae
1141 1617 1238 1651 caeli
1269 1623 1308 1651 et
1338 1617 1524 1651 ecclesiae
1550 1624 1652 1657 sunt,
1678 1628 1726 1652 ex

241 1673 358 1696 causa
371 1661 463 1707 quia
477 1662 598 1696 homo
612 1673 659 1696 ex
674 1673 806 1696 amore
821 1662 879 1697 sui
895 1670 934 1696 et
949 1674 995 1697 ex
1010 1674 1143 1698 amore
1158 1664 1293 1697 mundi
1309 1664 1502 1698 excitatur
1514 1664 1562 1698 ad
1582 1664 1726 1698 facien-

242 1709 335 1743 dum
355 1710 459 1743 bona
476 1709 674 1749 ecclesiae,
696 1710 854 1754 patriae,
874 1710 1053 1744 societati
1072 1717 1111 1744 et
1130 1710 1320 1755 proximo,
1340 1711 1525 1755 ponendo
1547 1711 1586 1744 in
1608 1711 1726 1745 bene-

241 1755 338 1790 aCtis
360 1755 562 1795 honorem,
586 1763 625 1790 et
646 1755 912 1801 exspectando
934 1757 1170 1801 praemium2
1202 1758 1292 1792 inde
1318 1764 1378 1792 est
1398 1758 1504 1803 quod
1530 1768 1641 1792 amor
1662 1758 1726 1792 ille

241 1814 264 1837 a
282 1803 417 1837 multis
435 1803 589 1837 dicatur
608 1803 708 1848 ignis
726 1803 842 1843 vitae,
863 1810 902 1838 et
924 1803 1232 1838 excitamentum
1255 1805 1303 1838 ad
1327 1815 1486 1850 magna:
1512 1805 1580 1839 sed
1602 1804 1726 1839 scien-

242 1851 335 1884 dum
362 1857 422 1884 est
443 1850 549 1895 quod
572 1857 763 1895 quantum
791 1851 871 1884 bini
899 1851 952 1884 illi
980 1862 1133 1885 amores
1154 1850 1333 1896 spectant
1354 1857 1460 1886 usus·
1475 1851 1600 1896 primo
1625 1852 1725 1891 loco,

242 1907 286 1931 ac
313 1907 353 1932 se
380 1898 565 1936 secundo,
593 1904 746 1931 tantum
774 1904 865 1931 sunt
891 1898 1005 1937 boni;
1039 1905 1080 1932 at
1109 1904 1300 1943 quantum
1327 1897 1506 1943 spectant
1531 1909 1572 1933 se
1598 1898 1726 1943 primo

242 1944 341 1983 loco,
364 1950 404 1978 et
429 1955 523 1978 usus
545 1944 730 1982 secundo
749 1951 902 1978 tanturn
931 1945 1010 1978 sint
1037 1945 1148 1985 mali;
1179 1956 1269 1979 nam
1296 1952 1393 1979 tunc
1419 1945 1539 1979 homo
1566 1951 1727 1990 propter

242 2002 293 2030 se,
314 1997 353 2025 et
375 1998 663 2044 consequenter
684 2002 731 2025 ex
754 2002 804 2031 se,
825 1991 958 2026 onmia
979 1992 1071 2037 agit,
1091 1998 1131 2026 et
1156 1999 1251 2026 tunc
1278 1992 1315 2026 in
1339 1992 1502 2037 singulis
1523 2003 1622 2037 quae
1644 1992 1726 2037 agit

243 2044 302 2072 est
325 2038 407 2082 ipse
429 2045 468 2072 et
490 2038 574 2083 ejus
597 2038 809 2082 proprium,
831 2039 939 2083 quod
963 2038 1000 2072 in
1023 2050 1063 2073 se
1085 2038 1306 2083 spectatum
1329 2049 1408 2073 non
1431 2046 1491 2073 est
1513 2039 1586 2073 nisi
1608 2050 1724 2084 quam

244 2085 408 2119 malum:
434 2091 475 2118 at
496 2083 673 2129 spectare
696 2096 788 2120 usus
811 2086 938 2129 primo
960 2085 1049 2120 loco
1071 2092 1110 2120 et
1131 2097 1171 2120 se
1190 2086 1374 2124 secundo,
1394 2092 1453 2119 est
1475 2086 1579 2120 bona
1599 2085 1726 2120 facere

244 2138 404 2176 propter
425 2132 641 2170 ecclesiam,
661 2132 839 2176 patriam,
858 2132 1088 2167 societatem
1112 2139 1151 2167 et
1173 2133 1415 2177 proximum,
1442 2139 1481 2167 et
1503 2133 1606 2166 bona
1626 2143 1725 2177 quae

243 2179 364 2213 homo
386 2178 479 2212 facit
501 2178 575 2213 illis
598 2186 758 2223 propter
780 2179 877 2218 illos,
900 2190 978 2213 non
1005 2186 1096 2213 sunt
1122 2190 1169 2213 ex
1196 2180 1365 2218 homine,
1387 2180 1455 2213 sed
1483 2190 1505 2213 a
1532 2179 1725 2218 Domino;

242 2225 451 2260 discrimen
473 2226 574 2260 inter
593 2226 657 2260 illa
675 2226 765 2264 duo,
785 2233 845 2260 est
863 2226 965 2260 sicut
984 2226 1086 2260 inter
1102 2226 1252 2260 caelum
1273 2233 1311 2260 et
1334 2226 1539 2260 infernum.
1592 2225 1726 2260 Homo

243 2272 367 2307 nescit
388 2273 494 2317 quod
517 2273 595 2307 tale
618 2273 827 2307 discrimen
850 2273 911 2312 sit,
934 2271 1026 2317 quia
1047 2284 1094 2307 ex
1116 2273 1323 2307 nativitate
1345 2280 1383 2307 et
1406 2273 1496 2307 inde
1518 2283 1566 2307 ex
1587 2279 1726 2307 natura

244 2319 280 2353 in
310 2319 385 2354 illis
411 2326 480 2359 est,
500 2327 539 2354 et
565 2319 657 2364 quia
678 2320 894 2364 jucundum
923 2320 1077 2354 illorum
1103 2320 1250 2365 jugiter
1266 2319 1519 2354 adblanditur
1539 2326 1579 2353 et
1601 2319 1725 2354 favet:

242 2366 310 2401 sed
330 2377 453 2411 usque
472 2367 570 2401 sciat
588 2367 693 2412 quod
713 2378 825 2401 amor
843 2366 1059 2411 imperandi
1079 2378 1126 2400 ex
1142 2367 1317 2411 jucundo
1337 2366 1500 2410 imperii,
1519 2373 1558 2400 et
1578 2377 1655 2400 non
1678 2377 1725 2400 ex

241 2414 417 2458 jucundo
435 2425 588 2451 usuum.
604 2414 655 2447 sit
674 2424 833 2458 prorsus
852 2413 1078 2452 diabolicus,
1094 2424 1138 2447 ac
1156 2413 1286 2447 vocari
1307 2413 1430 2457 possit
1448 2413 1608 2452 atheus;
1635 2423 1724 2447 nam

242 2466 434 2505 quantum
462 2461 584 2494 horno
611 2461 649 2494 in
677 2461 744 2495 illo
770 2471 903 2494 amore
929 2467 998 2499 est,
1018 2467 1173 2494 tantum
1195 2461 1313 2494 corde
1340 2471 1418 2493 non
1445 2459 1570 2493 credit
1598 2459 1724 2493 Deum

242 2507 336 2545 dari.
350 2514 389 2541 et
407 2514 562 2541 tantum
583 2507 621 2541 in
641 2508 759 2542 corde
778 2518 851 2541 suo
870 2507 971 2541 ridet
989 2507 1037 2541 ad
1053 2507 1187 2541 omnia
1200 2506 1406 2553 ecclesiae:
1432 2506 1554 2540 immo
1571 2513 1728 2542 tantum

242 2554 335 2588 odio
354 2554 482 2592 habet
501 2562 541 2588 et
562 2565 610 2588 ex
628 2554 721 2588 odio
740 2554 996 2607 persequitur,
1016 2564 1153 2587 ornnes
1172 2554 1238 2598 qui
1260 2553 1385 2588 Deum
1405 2559 1635 2598 agnoscunt,
1655 2553 1726 2587 im-

243 2601 377 2646 primis
392 2601 457 2653 qui
476 2600 712 2635 Dominum:
739 2601 866 2645 ipsum
881 2601 1098 2645 jucundum
1114 2600 1217 2634 vitae
1237 2600 1390 2634 illorum
1410 2606 1470 2634 est
1485 2599 1725 2639 malefacere,

242 2654 282 2682 et
300 2647 428 2682 omnis
442 2648 596 2692 generis
616 2647 790 2682 facinora
807 2655 847 2682 et
865 2647 1013 2692 flagitia
1022 2654 1201 2700 patrare:
1222 2648 1354 2686 verbo,
1370 2653 1461 2681 sunt
1480 2646 1552 2691 ipsi
1568 2646 1725 2681 diaboli.

245 2694 334 2729 Hoc
348 2694 473 2728 nescit
489 2695 609 2728 homo
623 2695 742 2728 dum
734 2706 771 2728 in
788 2695 977 2728 mundum
992 2694 1108 2734 vivit;
1133 2694 1201 2728 sed
1216 2694 1322 2738 quod
1342 2693 1396 2727 ita
1409 2693 1469 2731 sit,
1485 2693 1652 2727 sciturus
1667 2700 1728 2727 est

242 2752 331 2775 curn
360 2741 397 2774 in
426 2742 617 2775 mundum
644 2741 899 2786 spiritualem,
918 2741 1025 2786 quod
1052 2740 1096 2775 fit
1122 2740 1254 2775 statim
1282 2747 1372 2785 post
1398 2746 1577 2778 mortem.
1595 2740 1725 2779 venit:

244 2787 438 2822 infernum
455 2799 502 2822 ex
520 2788 665 2822 talibus
684 2795 743 2822 est
762 2789 931 2834 plenum,
948 2787 1012 2821 ubi
1031 2788 1119 2822 loco
1133 2788 1240 2832 quod
1259 2786 1549 2823 dominationes
1568 2786 1723 2825 fuerint,

242 2841 334 2869 sunt
355 2834 534 2874 servitia;
565 2842 755 2879 apparent
776 2835 894 2869 etiam
918 2835 980 2874 ibi,
1000 2835 1093 2868 dum
1116 2833 1371 2878 spectantur
1363 2845 1401 2867 in
1428 2834 1514 2868 luce
1540 2833 1647 2872 caeli,
1668 2833 1726 2866 in-

243 2881 355 2922 versi,
370 2881 471 2916 sicut
489 2881 617 2926 capite
633 2882 817 2916 deorsum
836 2888 875 2916 et
895 2881 1059 2926 pedibus
1074 2892 1239 2921 sursum,
1255 2880 1442 2926 quoniam
1462 2880 1625 2925 imperia
1642 2879 1725 2915 fue-
