1962 3328
247 261 304 304 70
665 261 1000 294 APOCALYPSIS
1033 262 1332 295 EXPLICATA.

246 373 437 422 illorum,
466 374 669 415 similiter
697 374 906 416 differunt
938 375 995 415 ab
1026 376 1172 428 operis
1204 382 1250 416 et
1282 377 1441 416 muniis
1473 377 1740 419 naturalium

245 437 477 479 hominum
514 438 556 478 in
589 438 771 486 mundo,
804 452 918 491 quae
949 438 1050 479 ideo
1081 439 1266 479 vocibus
1303 439 1483 493 linguae
1519 440 1742 482 humanae

246 515 337 542 non
365 501 554 542 describi
586 507 788 554 possunt.
849 501 923 541 Ex
955 500 1023 541 his
1055 503 1207 554 paucis
1240 503 1406 556 percipi
1438 510 1590 556 potest
1622 504 1742 558 quod

246 564 451 605 naturale
483 570 528 605 et
561 564 789 617 spirituale
821 563 1026 604 differant
1059 565 1172 605 sicut
1206 566 1360 606 umbra
1396 573 1442 607 et
1479 566 1571 607 lux.
1651 566 1740 608 Sed

246 642 385 681 usque
417 627 565 681 plures
598 633 701 668 sunt
734 626 1036 678 differentiae;
1069 634 1172 669 sunt
1205 629 1323 669 enim
1356 629 1608 682 spirituales
1639 643 1741 670 sen-

246 690 406 739 suales,
431 690 682 743 spirituales
704 690 961 738 rationales,
985 703 1036 731 ac
1060 691 1312 743 spirituales
1336 692 1581 743 caelestes;
1614 699 1741 734 sunt-

245 767 331 807 que
368 753 619 806 spirituales
650 753 755 794 mali
791 759 838 794 et
874 753 1126 806 spirituales
1160 754 1291 805 boni;
1329 755 1606 796 differentiae
1637 762 1741 796 sunt

245 817 491 857 secundum
524 814 781 857 affectiones
812 823 858 858 et
890 817 994 858 inde
1025 818 1342 870 cogitationes,
1375 825 1421 859 et
1453 819 1742 872 apparentiae

246 886 350 921 sunt
372 880 619 920 secundum
644 879 756 920 illas.
818 879 893 920 Ex
918 880 985 921 his
1011 887 1139 934 patet
1162 881 1282 935 quod
1308 881 1445 922 homo
1467 896 1525 922 ex
1550 881 1740 922 naturali

246 943 324 984 fiat
361 943 603 996 spiritualis
639 949 687 984 ut
724 943 915 997 primum
951 943 1105 997 pulmo
1141 951 1188 985 et
1225 957 1301 985 cor
1332 946 1529 998 corporis
1561 951 1741 986 cessant

247 1007 430 1056 moveri,
463 1013 510 1048 et
545 1021 624 1061 per
654 1007 698 1047 id
735 1020 896 1060 corpus
933 1006 1165 1048 materiale
1201 1014 1458 1048 removetur
1494 1021 1519 1049 a
1555 1021 1741 1062 corpore

247 1070 478 1124 spirituali.

932 1299 1063 1342 VIII.

248 1428 398 1483 QUOD
436 1437 543 1469 NON
576 1437 778 1478 ALIQms
814 1437 1048 1470 ANGELUS
1084 1438 1149 1469 ET
1180 1437 1403 1471 SPIRITUS
1439 1438 1609 1471 DETUR
1640 1438 1739 1472 NEC
1784 1476 1791 1484 ,

415 1502 542 1533 DARI
580 1501 761 1541 PosslT,
794 1501 881 1543 QUI
917 1500 1024 1533 NON
1062 1501 1264 1534 FUERAT
1297 1501 1463 1534 NATUS
1500 1501 1649 1535 HOMO
1684 1502 1739 1534 ΙΝ

416 1565 613 1598 MUNDO.

331 1693 464 1747 Quod
505 1693 652 1747 angeli
691 1707 780 1735 non
817 1693 978 1734 fuerint
1015 1693 1274 1735 immediate
1312 1693 1464 1742 creati,
1501 1693 1581 1734 sed
1618 1693 1738 1747 quod

245 1771 402 1798 omnes
434 1758 506 1810 qui
543 1759 586 1798 in
619 1757 746 1798 caelo
782 1763 885 1798 sunt
922 1763 968 1798 et
1005 1756 1193 1805 fuerunt,
1227 1757 1416 1810 primum
1448 1757 1542 1797 nati
1577 1756 1739 1797 fuerint

244 1821 464 1869 homines,
493 1827 538 1861 et
570 1827 673 1874 post
706 1818 981 1861 transactam
1007 1820 1147 1861 vitam
1178 1820 1222 1860 in
1255 1820 1424 1860 mundo
1452 1818 1602 1872 angeli
1633 1819 1737 1868 sint,

245 1889 478 1925 ostensum
510 1884 715 1924 videatur
744 1884 788 1923 in
820 1896 955 1936 opere
985 1883 1053 1923 De
1085 1882 1216 1925 Caelo
1244 1889 1286 1923 et
1319 1883 1501 1934 Inferna
1535 1881 1595 1936 (n.
1630 1893 1740 1934 311—

247 1945 397 2001 317ffl).
459 1946 592 2000 Quod
619 1960 700 1988 nec
727 1947 885 2000 aliquis
910 1946 1099 1999 angelus
1125 1946 1321 2000 potuerit
1347 1947 1545 1987 existere
1571 1946 1653 1986 nisi
1678 1959 1736 1986 ex

245 2011 426 2052 homine
449 2017 558 2052 nato
582 2011 626 2051 in
649 2011 830 2058 mundo,
854 2016 899 2051 et
922 2009 1041 2063 quod
1067 2009 1152 2051 hoc
1175 2010 1232 2050 sit
1254 2009 1499 2050 secundum
1526 2008 1738 2050 Divinum

245 2076 461 2124 ordinem,
489 2088 547 2115 ex
574 2074 642 2115 his
667 2073 958 2128 sequentibus
983 2073 1229 2114 videbitur:

559 2181 585 2214 1.
622 2180 717 2217 Quod
729 2180 763 2214 in
779 2179 912 2213 homine
922 2179 971 2214 sit
985 2189 1083 2213 mens
1098 2179 1264 2223 anyeh'ca.

554 2245 589 2278 2.
622 2245 717 2281 Quod
731 2245 812 2278 talis
829 2254 925 2278 mens
941 2253 1012 2278 non>
1025 2243 1170 2277 formari
1182 2246 1288 2287 queat
1301 2242 1372 2277 πίει·
1384 2243 1417 2276 in
1433 2241 1567 2276 homins
1576 2252 1591 2281 ,¹

554 2309 589 2343 3.
625 2309 692 2342 Nec
705 2307 893 2352 procreari,
912 2310 949 2342 et
959 2317 1024 2351 per
1036 2307 1297 2351 procreationes
1313 2305 1542 2350 multiplicari.

553 2373 585 2406 4.
621 2372 716 2409 Ouod
729 2371 872 2415 spiritus
889 2374 925 2405 et
945 2370 1063 2415 angeli
1081 2371 1159 2405 inde
1176 2370 1315 2404 tranant
1337 2373 1376 2403 ut
1394 2369 1532 2414 possint
1546 2368 1740 2404 subsistere

689 2420 725 2450 et
742 2416 856 2450 rivere
872 2415 905 2449 in
922 2419 1100 2449 aeternum
1109 2425 1123 2453 ,-

555 2483 591 2515 5.
622 2481 665 2515 ft
677 2481 769 2525 quod
779 2480 918 2524 possint
930 2480 1072 2524 adjungi
1086 2483 1122 2514 et
1132 2479 1291 2523 conjungi
1303 2479 1451 2513 humano
1463 2478 1606 2523 ysnerI:

556 2547 590 2579 6.
625 2545 668 2579 ft
680 2545 732 2579 sic
748 2546 881 2578 caelum
898 2544 1058 2582 existere,
1077 2544 1168 2588 quod
1183 2543 1249 2577 {uit
1263 2543 1339 2577 n'nis
1356 2543 1553 2577 creationis.

248 2688 274 2721 1.
309 2687 406 2724 Quod
417 2687 451 2721 in
467 2686 601 2720 homino
616 2685 665 2720 sit
678 2695 775 2719 mens
790 2685 955 2729 angelica.

331 2774 503 2815 Notum
529 2779 598 2814 est
630 2773 673 2814 in
706 2772 813 2813 orbe
840 2771 1095 2813 Christiano
1121 2771 1240 2825 quod
1271 2770 1407 2811 homo
1434 2776 1565 2812 natus
1590 2770 1648 2812 sit
1678 2769 1736 2811 ad

246 2837 444 2887 caelum;
478 2843 524 2877 et
551 2836 670 2890 quod
701 2836 852 2883 etiam,
880 2836 915 2875 si
946 2835 1060 2876 bene
1091 2835 1214 2882 vivit,
1242 2835 1285 2874 in
1318 2833 1490 2874 caelum
1522 2839 1735 2874 venturus

245 2901 316 2950 sit,
345 2914 395 2942 ac
422 2901 479 2941 ibi
512 2913 612 2940 cum
638 2899 810 2952 angelis
838 2906 885 2939 ut
909 2912 1019 2939 unus
1051 2897 1226 2938 illorum
1254 2897 1606 2948 consociandus;
1638 2902 1735 2937 tum
