1962 3328
648 310 717 343 DE
745 308 979 342 SYMBOLO
1009 306 1306 340 ATHANASII.
1672 306 1718 350 15

236 422 367 464 unica
387 423 583 464 Persona
602 436 612 472 ;
644 428 691 463 et
713 421 829 463 sicut
850 421 1000 461 anima
1024 426 1071 461 et
1093 433 1256 472 corpus
1277 419 1383 460 facit
1406 429 1542 458 unum
1569 417 1718 459 homi-

236 499 355 534 nem,
396 487 461 526 ita
500 485 712 525 Divinum
751 490 799 525 et
841 483 1103 525 Humanum
1141 489 1213 523 est
1253 495 1366 522 unus
1407 480 1628 530 Christus,
1670 486 1720 521 ut

237 549 483 590 secundum
510 546 776 599 Symbolum
802 545 1061 586 Athanasii.

321 611 515 651 Primum
546 610 709 650 dicitur
737 609 858 662 quod
888 609 948 648 sit
980 607 1134 648 Homo
1164 621 1224 648 ex
1255 605 1466 663 rationali
1496 605 1648 646 anima
1672 609 1720 644 et

236 679 593 726 corpore‚—tam
625 671 744 724 quod
775 671 925 711 anima
955 671 1014 711 sit
1049 684 1110 711 ex
1146 669 1323 718 Matre;
1365 674 1527 722 postea
1558 667 1722 707 dicitur

236 736 357 789 quod
387 736 502 775 sicut
533 735 682 774 anima
712 739 759 774 et
790 747 952 786 corpus
981 739 1052 774 est
1083 746 1196 789 unus
1226 732 1379 779 homo,
1408 731 1473 771 ita
1504 729 1718 770 Divinum

237 804 284 839 et
322 797 582 838 Humanum
620 802 691 837 est
731 809 843 836 unus
883 795 1104 837 Christus.
1177 794 1289 835 Inde
1327 799 1457 847 patet
1500 791 1621 846 quod
1661 791 1721 832 sit

235 857 552 901 contradictio.

851 1000 1109 1026 OBSERVANDA.

309 1075 538 1111 Deducatur
560 1074 664 1110 clare
695 1081 889 1119 quantum
923 1073 1060 1118 possit,
1085 1073 1194 1118 quod
1222 1072 1411 1107 Divinum
1439 1083 1518 1107 non
1545 1071 1723 1117 potuerit

237 1123 450 1168 subjugare
464 1121 626 1161 inferna,
640 1128 681 1156 et
698 1121 834 1155 omnia
847 1121 1023 1166 redigere
1038 1121 1076 1154 in
1090 1121 1271 1155 ordinem
1291 1120 1329 1154 in
1344 1119 1463 1154 caelis
1477 1126 1519 1154 et
1535 1119 1577 1153 in
1593 1118 1722 1159 terris.

238 1170 314 1204 nisi
344 1180 392 1204 ex
423 1168 569 1203 Divino
599 1178 669 1213 per
698 1167 929 1202 Humanum
959 1175 1225 1212 assumptum;
1258 1166 1352 1212 quia
1381 1166 1512 1201 omnis
1542 1165 1723 1210 operatio

240 1215 386 1251 Divina
402 1215 581 1261 pervadit
596 1221 727 1250 totum
744 1214 925 1249 ordinem
943 1225 968 1248 a
992 1214 1129 1259 primis
1145 1214 1196 1248 ad
1213 1213 1365 1253 ultima,
1384 1220 1426 1248 et
1451 1213 1505 1247 ibi
1522 1219 1721 1258 operatur,

238 1274 330 1298 nam
349 1262 388 1296 in
406 1262 557 1296 ultimis
574 1268 668 1297 sunt
684 1261 818 1296 omnia
835 1261 972 1300 simul;
997 1267 1238 1306 quapropter
1254 1267 1459 1295 ostensum
1476 1266 1538 1294 est
1555 1259 1663 1305 quod
1682 1259 1723 1293 in

238 1309 389 1344 ultimis
406 1309 459 1343 sit
476 1310 605 1347 robur,
624 1319 703 1343 non
729 1319 753 1342 a
777 1319 831 1347 se,
849 1308 917 1342 sed
944 1309 994 1342 ab
1020 1307 1097 1342 illis
1122 1318 1223 1352 quae
1248 1307 1288 1341 in
1306 1306 1492 1341 [¹]ultimis
1517 1317 1541 1341 a
1565 1305 1723 1352 primis:

237 1356 331 1391 inde
345 1354 499 1390 1²¹etiam
518 1355 558 1389 in
576 1366 693 1390 sensu
705 1355 862 1389 litterae
875 1354 995 1389 Verbi
1009 1361 1070 1389 est
1083 1355 1213 1389 robur.
1265 1353 1323 1388 Ex
1340 1364 1387 1388 ea
1403 1364 1523 1388 causa
1538 1361 1600 1388 est
1613 1353 1722 1398 quod

240 1402 435 1437 Dominus
451 1402 572 1437 toties
594 1402 738 1436 dixerit
755 1402 862 1447 quod
879 1402 1002 1435 Pater
1016 1403 1058 1435 in
1074 1402 1163 1445 Ipso
1181 1401 1232 1436 sit
1256 1401 1323 1446 qui
1350 1400 1446 1435 facit
1469 1411 1607 1446 opera:
1636 1406 1723 1434 tum

237 1449 359 1484 etiam
383 1449 488 1488 alibi,
506 1449 614 1494 quod
636 1449 723 1493 Ipse
747 1448 864 1482 faciat
889 1459 1019 1493 opera.
1071 1448 1224 1482 Exinde
1248 1455 1432 1482 constare
1458 1453 1591 1492 potest
1615 1446 1723 1492 quod

241 1495 429 1531 Divinum
448 1495 545 1530 nihil
570 1495 649 1530 tale
674 1495 828 1539 operari
847 1495 1052 1540 potuisset,
1071 1494 1146 1529 nisi
1172 1494 1270 1528 illud
1295 1494 1552 1539 assumpserit
1571 1493 1724 1528 Huma-

239 1553 345 1582 num.
363 1542 420 1576 ita
443 1553 523 1577 non
549 1553 620 1587 per
635 1553 748 1576 suum
769 1541 957 1576 Divinum
974 1541 1145 1586 amplius
1170 1541 1210 1575 in
1237 1542 1412 1576 humano
1434 1551 1603 1587 genere:
1630 1540 1725 1586 quia

238 1600 329 1624 cum
348 1588 543 1623 Dominus
562 1589 600 1622 in
619 1589 810 1622 mundum
828 1588 947 1627 venit,
966 1589 1183 1622 humanum
1200 1588 1407 1634 genus¹ita
1431 1595 1653 1623 removerat
1670 1597 1723 1627 se,

239 1642 282 1671 et
298 1636 390 1670 inde
407 1634 639 1670 blremotum
659 1635 743 1674 fuit,
757 1642 802 1669 ut
819 1646 868 1669 ne
885 1635 1046 1680 quidem
1064 1635 1169 1680 apud
1187 1646 1310 1669 unum
1324 1642 1429 1670 esset
1446 1636 1595 1670 bonum
1610 1641 1724 1668 natu-

238 1683 319 1717 rale
343 1693 391 1717 ex
408 1682 601 1727 spirituali
619 1682 792 1727 origine:
822 1682 878 1716 ita
894 1689 1213 1716 consummatum
1231 1688 1334 1716 erat:
1363 1681 1471 1727 quod
1489 1682 1611 1716 etiam
1629 1691 1724 1715 con-

239 1729 419 1764 firmatur
434 1740 483 1763 ex
498 1729 617 1764 variis
634 1729 739 1774 apud
757 1729 958 1763 Danielem
969 1742 986 1769 ,·
1013 1728 1081 1762 ubi
1104 1729 1143 1762 in
1162 1728 1295 1763 Verbo
1312 1729 1361 1764 de
1378 1727 1724 1763 consummatione

239 1783 282 1811 et
297 1775 518 1815 decisione;
547 1775 613 1810 ubi
631 1776 681 1810 de
699 1775 776 1811 fine
793 1775 861 1821 qui
879 1776 1074 1815 eveniret;
1103 1782 1144 1810 et
1165 1786 1213 1810 ex
1230 1775 1327 1810 aliis.
1380 1775 1499 1810 Forte
1517 1782 1558 1810 et
1576 1775 1726 1820 [dicen-

240 1823 335 1857 dum
360 1822 435 1866 est]
461 1821 602 1867 [⁴¹quod
627 1823 810 1857 ultimum
827 1822 1018 1867 judicium
1044 1822 1152 1867 quod
1178 1822 1414 1857 describitur
1431 1833 1502 1868 per
1517 1821 1724 1861 diluvium,

241 1867 387 1904 fassurn
402 1869 455 1903 sit
470 1880 519 1904 ex
536 1869 680 1904 Divino
699 1869 738 1903 in
757 1869 931 1904 humano
943 1880 1087 1914 genere
1101 1869 1279 1909 residuo;
1306 1869 1361 1904 ita
1378 1869 1516 1915 [quod]
1535 1868 1725 1903 Divinum

241 1915 445 1961 [effecerit]
462 1927 511 1950 ex
535 1926 609 1950 suo
634 1916 698 1956 ibi,
717 1915 774 1951 sic
789 1916 911 1950 etiam
929 1927 977 1950 ex
996 1916 1132 1961 primis
1151 1927 1222 1961 per
1238 1916 1397 1951 ultima:
1426 1916 1610 1951 ultimum
1628 1922 1727 1950 tunc

240 1962 316 1997 fuit
329 1961 548 2007 [Divinum]
567 1962 606 1996 in
621 1963 796 1997 humano
809 1973 954 2008 genere
968 1963 1138 1998 residuo.
1190 1962 1240 1997 Et
1256 1974 1345 1997 cum
1362 1963 1438 1998 hoc
1451 1962 1580 2001 desiit,
1596 1962 1726 2007 ipsum

241 2008 441 2049 Divinum,
466 2016 512 2043 ut
536 2010 755 2044 salvaretur
778 2020 904 2055 genus
929 2009 1159 2049 humanum,
1178 2010 1305 2044 voluit
1330 2009 1503 2055 ssllpsum
1530 2009 1659 2043 facere
1685 2008 1726 2042 in

243 2055 432 2091 Humano
449 2056 556 2101 quod
574 2056 798 2101 assumpsit,
816 2063 856 2090 et
874 2057 981 2101 quod
1001 2057 1118 2091 simul
1138 2056 1327 2091 Divinum
1346 2056 1451 2097 fecit,
1470 2064 1515 2091 ut
1541 2056 1581 2090 in
1599 2063 1727 2090 aeter-

240 2113 336 2137 num
354 2102 510 2148 operari
526 2113 550 2137 a
567 2102 703 2148 primis
722 2113 792 2148 per
808 2103 948 2137 ultima
966 2103 1102 2148 possit.

300 2181 506 2220 (Aff'mntnr
524 2191 604 2220 quae
624 2182 662 2210 de
689 2182 808 2211 Ultimo
829 2182 864 2210 in
883 2182 1025 2211 Arcanis
1048 2183 1236 2212 Caele-stibus
1256 2183 1341 2212 Ma
1355 2187 1388 2212 et
1406 2187 1526 2212 ostensa
1538 2186 1634 2216 sunt:
1660 2185 1728 2211 trem

242 2224 356 2265 [ἦρσε
368 2227 403 2256 in
417 2231 507 2265 opere
521 2227 573 2256 De
590 2227 682 2256 Caelo
695 2229 727 2255 et
740 2227 878 2265 Inferna,
893 2230 925 2255 et
936 2227 1024 2256 alibi.
1067 2227 1132 2256 Sed
1142 2228 1199 2256 Ιιοι
1212 2231 1258 2256 est
1266 2237 1419 2257 arcanum
1424 2229 1550 2267 fortius
1560 2227 1726 2266 gnatum.)

326 2373 459 2427 Quod
505 2375 725 2415 Dominus
767 2375 810 2415 in
845 2375 1005 2415 Veteri
1042 2375 1345 2417 Testamento
1381 2376 1558 2417 dicatur
1594 2376 1727 2417 “Re-

242 2435 494 2488 demptor,”
518 2440 543 2456 “
558 2435 750 2477 Sanetus
777 2436 960 2476 Israelis
972 2436 992 2450 ”
1014 2447 1186 2485 (afferatur
1195 2457 1235 2476 ex
1252 2449 1443 2486 Apocalypsi
1462 2447 1680 2486 [Explicata]‚
1696 2457 1728 2478 n.

246 2495 420 2546 328m)-

328 2559 462 2612 Quod
484 2567 643 2602 contra
667 2561 878 2602 Divinum
904 2562 963 2602 sit
988 2562 1108 2615 quod
1136 2562 1258 2602 Deus
1281 2563 1414 2603 Pater
1438 2562 1728 2604 abalienave-

246 2622 305 2663 rit
336 2636 363 2663 a
393 2621 451 2664 Se
480 2623 726 2664 humanum
757 2637 914 2677 genus,
942 2631 989 2665 et
1015 2623 1408 2666 ¹⁷¹reconciliaverit
1435 2640 1514 2679 per
1543 2627 1727 2679 sangui-

245 2695 350 2724 nem
375 2683 478 2724 Fllli
502 2695 665 2731 (videatur
678 2695 781 2734 [opus]
798 2701 895 2733 super
905 2696 1126 2734 Apocalypfl'n,
1141 2705 1172 2725 n.
1191 2686 1356 2737 328[α]).

332 2747 467 2801 Quod
499 2749 718 2790 Dominus
749 2752 807 2791 sit
839 2751 937 2804 ipsa
968 2750 1093 2799 Vita,
1120 2752 1223 2804 quia
1253 2765 1280 2792 a
1312 2752 1477 2793 Divino
1505 2753 1727 2806 quod‘est

245 2810 342 2864 ipsa
382 2811 493 2852 Vita
531 2825 590 2852 ex
630 2826 718 2866 qua
760 2826 918 2854 omnes
955 2814 999 2854 in
1038 2814 1176 2854 caelis
1216 2821 1262 2855 et
1303 2815 1347 2854 in
1388 2816 1518 2856 terris
1555 2816 1726 2855 vivunt.

247 2872 468 2914 Homines
498 2880 544 2914 et
575 2874 726 2927 angeli
757 2889 847 2916 non
883 2883 987 2916 sunt
1019 2876 1144 2923 Vita,
1178 2877 1256 2917 sed
1288 2878 1558 2930 recipientes
1590 2878 1726 2918 vitae.

246 2932 363 2972 (tsslHic
375 2944 448 2964 usus
463 2934 524 2973 [est
535 2934 585 2974 ut]
602 2934 813 2974 blexplicetnr
824 2937 861 2966 de
875 2938 944 2976 tpsa
966 2938 1047 2972 Vita,
1063 2938 1101 2967 dc
1114 2939 1285 2976 receptione
1298 2939 1383 2968 vitae
1389 2950 1403 2973 ,·
1424 2943 1455 2968 et
1467 2949 1509 2968 ex
1531 2939 1653 2976 Verbo.)
