1962 3328
333 254 445 298 2574
745 255 1075 288 APOCALYPs1s
1107 257 1405 289 EXPLICATA.

505 367 587 398 fecit
612 367 647 452 i)n
669 374 780 399 terras
800 378 923 399 eorum
945 379 1060 407 ranas,
1078 369 1113 400 in
1139 370 1323 401 conclavia
1342 379 1464 410 regum
1486 370 1653 402 illorum”
1670 369 1744 411 (Ps.
1766 381 1820 404 cv.

505 419 556 451 29,
575 420 617 449 30

329 490 441 531 haec
469 491 525 532 de
553 491 700 544 plagis
727 493 769 532 in
798 492 1046 546 Aegypto;
1080 507 1158 546 per
1187 497 1362 547 “aquas
1389 508 1540 534 versas
1567 495 1609 535 in
1635 496 1816 548 sangui-

329 567 432 593 nem
447 553 466 568 '’
499 554 811 606 significantur
843 570 949 596 vera
985 556 1247 607 falsificata;
1291 571 1368 610 per
1397 559 1580 610 “pisces
1612 558 1818 599 occisos'’

329 616 638 669 significantur
661 632 765 658 vera
789 618 1036 659 scientifica
1059 626 1104 660 et
1128 621 1414 672 cognitiones
1434 620 1648 661 naturalis
1671 621 1816 662 homi-

331 680 412 727 nis,
441 681 560 732 quod
593 681 875 730 interierint;
919 695 997 734 per
1032 686 1201 722 “ranas
1234 690 1528 735 prorepentes
1561 684 1604 723 in
1636 684 1817 732 terras,’'

327 742 638 795 significantur
669 744 905 784 ratiocinia
932 745 1149 785 naturalis
1176 745 1369 785 hominis
1402 760 1460 786 ex
1492 746 1639 797 falsis3
1670 750 1816 787 “con-

327 805 473 845 clavia
505 819 660 858 regum
678 806 696 820 ’'
729 806 986 858 significant
1023 808 1237 848 interiora
1268 821 1386 855 vera,
1421 821 1534 860 quae
1571 821 1648 861 per
1677 808 1815 848 ratio-

326 866 442 906 cinia
478 881 536 906 ex
580 867 702 907 falsis
740 875 1053 920 perverterunt
1089 868 1415 920 (“conclavia'’
1447 874 1551 909 sunt
1587 869 1814 918 interiora,

326 933 372 967 et
392 931 415 946 ‘⁶
430 941 560 979 reges
575 928 708 968 ”sunt
725 927 850 981 vera)
871 942 878 968 :
908 929 1068 969 similia
1086 929 1396 981 significantur
1412 943 1489 982 per
1506 930 1624 982 quod
1643 933 1815 971 “ranae

325 989 614 1029 ascenderint
643 990 686 1029 in
713 990 896 1029 domum
923 989 1182 1038 Pharaonis,
1208 991 1251 1030 in
1279 990 1497 1030 conclave
1524 990 1680 1030 cubilis
1706 990 1813 1043 ejus,

325 1057 371 1091 et
415 1053 458 1091 in
502 1050 668 1092 lectum
702 1051 833 1104 ejus.'’
894 1052 967 1092 Ex
1006 1053 1074 1092 his
1107 1067 1224 1093 nunc
1258 1059 1402 1106 patet,
1437 1053 1540 1106 quid
1573 1067 1651 1106 per
1685 1057 1815 1094 “tres

325 1113 506 1165 spiritus
543 1113 798 1153 immundos
836 1113 1004 1153 similes
1041 1113 1199 1162 ranis‚”
1231 1128 1345 1167 quae
1382 1128 1441 1155 ex
1478 1128 1554 1156 ore
1591 1115 1812 1164 draconis,

323 1175 512 1224 bestiae,
541 1182 587 1216 et
614 1175 1038 1229 pseudoprophetae
1065 1177 1319 1225 exiverunt,
1348 1176 1636 1230 significatur.

326 1262 504 1287 (Contx'uuatio
514 1262 543 1283 de
554 1263 629 1283 Sexto
640 1263 794 1289 Praeceplo.)

399 1296 457 1330 Illi
478 1296 544 1341 qui
574 1296 611 1330 in
638 1307 772 1331 amore
794 1308 884 1331 vere
910 1297 1123 1343 conjugiali
1151 1304 1254 1336 sunt,
1275 1304 1364 1342 post
1392 1304 1570 1337 mortem,
1594 1298 1688 1332 dum
1715 1297 1815 1333 fiunt

323 1343 464 1389 angeli,
486 1344 651 1378 redeunt
672 1344 709 1377 in
727 1344 977 1388 juventutem
994 1351 1033 1378 et
1052 1344 1360 1378 adolescentiam
1376 1355 1507 1382 suam:
1534 1355 1659 1379 mares
1674 1351 1814 1379 utcun-

323 1401 399 1435 que
428 1391 539 1425 senio
569 1389 739 1425 confecti
768 1391 868 1425 fiunt
893 1391 1068 1436 juvenes,
1096 1398 1135 1425 et
1162 1402 1304 1426 uxores
1339 1392 1449 1426 senio
1480 1391 1683 1426 confefiae
1715 1392 1814 1426 fiunt

323 1438 661 1477 adolescentulae:
690 1445 855 1483 uterque
873 1439 1019 1483 conjux
1042 1438 1142 1473 redit
1162 1438 1200 1472 in
1219 1438 1335 1472 flores
1362 1445 1402 1473 et
1429 1438 1466 1472 in
1493 1439 1636 1484 gaudia
1661 1439 1812 1478 aetatis,

323 1485 418 1518 dum
440 1496 552 1519 amor
569 1485 802 1531 conjugialis
820 1486 951 1530 coepit
971 1485 1083 1519 novis
1101 1485 1414 1530 jucunditatibus
1432 1486 1602 1520 exaltare
1620 1485 1753 1524 vitam,
1769 1497 1814 1521 ac

324 1532 512 1585 inspirare
528 1532 635 1566 lusus
650 1539 811 1577 propter
826 1532 1258 1577 prolificationem.1n
1279 1532 1382 1567 hunc
1402 1539 1547 1566 statum
1563 1533 1670 1567 venit
1690 1533 1811 1568 homo

323 1579 492 1623 primum
509 1579 690 1618 exterius,
711 1586 848 1624 postea
868 1579 1028 1613 interius
1047 1586 1086 1613 et
1106 1579 1268 1614 interius
1289 1579 1325 1613 in
1345 1586 1560 1619 aeternum,
1576 1579 1641 1624 qui
1661 1579 1813 1625 fugerat

322 1626 515 1660 adulteria
526 1633 570 1660 ut
582 1633 752 1671 peccata,
766 1633 805 1660 et
821 1626 858 1660 in
871 1637 1045 1661 amorem
1059 1626 1321 1672 conjugialem
1335 1637 1357 1660 a
1373 1626 1567 1661 Domino
1559 1635 1813 1672 inauguratus

322 1679 381 1708 est
398 1673 435 1707 in
452 1674 612 1707 mundo.
648 1672 750 1719 Quia
765 1674 927 1708 interius
937 1673 1375 1727 semperjuvenescunt
1389 1673 1567 1718 sequitur
1581 1674 1687 1718 quod
1701 1684 1814 1709 amor

322 1731 414 1755 vere
432 1720 665 1765 conjugialis
684 1721 871 1755 continue
890 1727 1039 1755 crescat
1057 1727 1097 1754 et
1117 1721 1235 1754 intret
1255 1720 1291 1754 in
1312 1731 1400 1754 suas
1427 1720 1586 1755 delicias
1612 1727 1651 1755 et
1677 1720 1812 1755 fausti-

321 1774 434 1806 tates,
455 1778 554 1812 quae
573 1779 596 1802 a
614 1768 749 1801 mundi
769 1768 969 1802 creatione
988 1768 1021 1802 ei
1043 1767 1222 1812 provisae
1241 1774 1343 1806 sunt,
1363 1778 1463 1812 quae
1481 1774 1573 1802 sunt
1591 1767 1754 1802 deliciae
1772 1775 1813 1802 et

322 1814 546 1849 faustitates
566 1814 693 1848 intimi
715 1814 811 1849 caeli
839 1815 1028 1849 oriundae
1054 1826 1102 1849 ex
1128 1825 1261 1848 amore
1290 1814 1450 1848 Domini
1478 1825 1569 1860 erga
1594 1814 1746 1849 caelum
1772 1821 1812 1849 et

322 1861 538 1901 ecclesiam,
558 1868 597 1896 et
617 1862 706 1896 inde
725 1873 772 1896 ex
791 1872 924 1896 amore
943 1862 1035 1896 boni
1063 1868 1103 1896 et
1121 1861 1201 1896 veri
1229 1861 1331 1896 inter
1349 1872 1410 1900 se:
1437 1872 1485 1896 ex
1502 1861 1645 1906 quibus
1670 1861 1812 1896 amori-

321 1909 394 1943 bus
415 1909 452 1942 in
472 1909 589 1943 caelis
604 1915 663 1943 est
678 1920 796 1943 omne
809 1909 1008 1954 gaudium.
1053 1907 1169 1954 Quod
1185 1908 1306 1942 homo
1322 1908 1375 1942 ita
1388 1909 1617 1954 juvenescat
1633 1908 1671 1942 in
1690 1909 1810 1947 caelo,

322 1962 381 1990 est
399 1956 492 2001 quia
505 1962 601 1990 tunc
620 1956 693 1990 init
711 1956 938 2002 conjugium
958 1956 1050 1990 boni
1065 1963 1105 1990 et
1123 1955 1215 1994 veri,
1235 1965 1279 1989 ac
1298 1956 1404 1990 bono
1423 1955 1525 1990 inest
1545 1962 1711 1990 conatus
1728 1955 1811 2001 jugi

321 2003 479 2037 amandi
501 2014 647 2042 verum,
667 2010 707 2037 et
734 2014 828 2037 vero
855 2003 956 2037 inest
983 2010 1149 2037 conatus
1174 2003 1256 2048 jugi
1283 2003 1440 2036 amandi
1467 2003 1627 2041 bonum,
1646 2013 1691 2036 ac
1717 2009 1812 2036 tunc

322 2060 422 2084 uxor
439 2056 497 2084 est
516 2051 663 2084 bonum
685 2050 722 2084 in
745 2049 880 2088 forma,
899 2061 944 2084 ac
961 2050 1022 2084 vir
1039 2056 1098 2084 est
1116 2060 1252 2083 verum
1272 2049 1310 2083 in
1326 2049 1472 2083 forma:
1499 2060 1545 2083 ex
1573 2049 1640 2083 illo
1666 2056 1811 2084 conatu

321 2097 430 2131 exuit
461 2097 582 2131 homo
611 2108 729 2131 omne
758 2108 948 2136 severum,
981 2103 1174 2131 maestum
1201 2103 1241 2131 et
1267 2096 1414 2130 siccum
1441 2096 1583 2135 senile;
1614 2102 1654 2130 et
1680 2096 1812 2130 induit

320 2144 510 2183 vividum,
537 2144 683 2178 laetum
710 2151 750 2178 et
775 2151 960 2189 vegetum
985 2144 1168 2188 juvenile,
1196 2154 1244 2177 ex
1273 2154 1353 2188 quo
1378 2143 1477 2177 vivit
1502 2149 1669 2177 conatus
1698 2150 1738 2177 et
1768 2142 1812 2177 fit

320 2191 520 2237 gaudium.
573 2189 732 2225 Distum
752 2191 848 2224 mihi
867 2202 888 2225 e
907 2191 1015 2225 caelo
1034 2197 1094 2225 est
1120 2191 1226 2235 quod
1256 2190 1329 2224 illis
1356 2197 1451 2224 tunc
1469 2190 1552 2224 vita
1577 2190 1721 2224 amoris
1747 2190 1808 2228 sit,

322 2249 423 2283 quae
445 2249 524 2272 non
553 2238 667 2272 aliter
696 2238 862 2272 describi
896 2244 1028 2282 potest
1054 2249 1171 2282 quam
1203 2237 1310 2282 quod
1341 2237 1392 2271 sit
1409 2237 1491 2271 vita
1519 2236 1639 2290 ipsius
1666 2236 1810 2282 gaudii.

323 2284 439 2331 Quod
460 2285 592 2324 homo,
608 2285 675 2330 qui
695 2285 732 2318 in
752 2295 885 2319 amore
906 2295 995 2319 vere
1014 2284 1226 2330 conjugiali
1246 2284 1284 2318 in
1305 2284 1454 2318 mundo
1472 2283 1580 2321 vivit,
1600 2290 1690 2328 post
1708 2294 1810 2318 mor-

321 2338 402 2367 tem
421 2332 555 2367 veniat
577 2332 614 2366 in
637 2332 866 2377 conjugium
892 2332 1070 2370 caeleste,
1091 2332 1196 2376 quod
1224 2338 1284 2365 est
1310 2331 1403 2365 boni
1430 2337 1469 2364 et
1486 2330 1578 2369 veri,
1598 2330 1808 2364 oriundum

321 2391 369 2414 ex
390 2379 578 2425 conjugio
606 2379 766 2413 Domini
793 2389 883 2413 cum
909 2378 1084 2417 ecclesia,
1108 2385 1217 2422 patet
1243 2377 1450 2412 manifeste
1476 2388 1524 2411 ex
1549 2387 1608 2416 eo,
1627 2377 1734 2422 quod
1761 2387 1809 2411 ex

321 2427 517 2480 conjugiis
537 2427 574 2460 in
595 2426 722 2465 caelis,
742 2425 898 2460 tametsi
920 2425 1110 2470 conjuges
1134 2425 1185 2458 ibi
1212 2425 1392 2459 similiter
1410 2431 1453 2458 ut
1480 2424 1518 2457 in
1537 2423 1651 2458 terris
1669 2434 1809 2458 conso-

321 2474 485 2513 ciantur,
501 2485 579 2507 non
596 2472 940 2511 nascanturliberi‚
954 2473 1020 2506 sed
1038 2483 1107 2516 pro
1123 2471 1254 2506 liberis
1269 2472 1372 2506 bona
1383 2478 1422 2505 et
1434 2482 1536 2510 vera
1549 2477 1588 2505 et
1604 2470 1694 2505 inde
1709 2471 1810 2515 sapi-

321 2521 438 2560 entia,
455 2527 498 2554 ut
518 2521 623 2565 prius
642 2518 791 2554 dictum
810 2526 888 2558 est:
916 2519 1005 2553 inde
1024 2526 1084 2553 est
1102 2519 1208 2563 quod
1229 2524 1319 2563 per‘
1325 2518 1499 2563 ‘sspartus
1525 2517 1798 2552 “nativitates’

320 2573 386 2602 et‘
392 2567 704 2613 generationes’
710 2567 769 2600 in
785 2566 943 2601 Verbo
936 2577 973 2599 m
993 2577 1108 2600 sensu
1128 2566 1212 2610 ejus
1228 2565 1420 2610 spirituali
1441 2564 1711 2610 intelligantur
1724 2575 1810 2609 par-

319 2621 395 2654 tus,
416 2615 643 2648 nativitates
661 2621 701 2648 et
718 2613 994 2659 generationes
1013 2612 1244 2657 spirituales,
1261 2612 1365 2656 quod
1386 2617 1477 2656 per‘
1482 2611 1603 2646 ‘filios
1620 2618 1660 2645 et
1679 2611 1810 2646 filias‘'

320 2673 413 2696 vera
430 2668 470 2696 et
487 2662 592 2696 bona
610 2661 807 2699 ecclesiae,
827 2667 866 2695 et
884 2660 960 2694 alia
985 2660 1052 2694 sed
1079 2659 1300 2694 consimilia
1321 2663 1412 2703 per¹
1417 2658 1578 2697 ‘jnurus
1623 2658 1797 2693 ‘'socrus

321 2714 395 2743 et‘
400 2714 587 2743 soceros.
593 2708 611 2719 ”
664 2708 720 2741 Ex
748 2707 808 2742 his
839 2707 958 2741 etiam
985 2707 1086 2740 clare
1109 2706 1231 2740 videri
1254 2712 1386 2750 potest
1420 2706 1526 2750 quod
1557 2705 1742 2751 conjugia
1771 2706 1808 2738 in

320 2756 435 2790 terris
449 2755 785 2800 correspondeant
803 2754 998 2807 conjugiis
1014 2753 1051 2787 in
1070 2754 1198 2792 caelis,
1214 2760 1253 2787 et
1271 2753 1378 2806 quod
1398 2752 1518 2786 homo
1534 2759 1623 2796 post
1642 2759 1808 2786 mortem

322 2802 361 2837 in
380 2802 770 2856 correspondentiam
786 2801 937 2840 veniat;
964 2811 1106 2844 nempe
1120 2811 1143 2834 a
1160 2800 1347 2853 conjugio
1367 2799 1531 2833 naturali
1551 2809 1754 2843 corporeo,
1770 2799 1807 2832 in

321 2849 550 2895 conJ'ugium
569 2849 771 2894 spirituale
789 2848 968 2887 caeleste,
988 2848 1094 2892 quod
1115 2854 1174 2882 est
1194 2847 1318 2892 ipsum
1347 2846 1508 2887 caelum,
1527 2852 1567 2881 et
1592 2845 1688 2880 caeli
1713 2856 1810 2891 gau-

322 2896 443 2931 dium.
