1962 3328
636 294 704 327 DE
734 292 916 326 mva
944 278 1427 335 SAPIENTIA.—xl[b].
1701 278 1753 330 85

265 417 383 451 usus,
414 402 500 443 hoc
531 408 616 450 est,
647 402 768 442 bona
795 400 995 441 humano
1024 400 1205 454 generi:
1241 399 1385 440 homo
1408 405 1479 440 est
1510 413 1645 440 causa
1679 413 1758 453 per

263 479 410 520 quem,
436 466 539 519 quia
567 466 611 506 in
640 477 793 506 amore
818 477 976 504 usuum
1001 470 1070 504 est
1096 463 1168 504 vel
1199 476 1299 504 esse
1329 469 1497 516 potest,
1523 469 1571 504 et
1601 463 1646 503 in
1677 462 1756 502 i110

263 542 417 570 amore
445 528 642 569 intendit
672 541 750 568 seu
775 526 874 568 vult
905 540 1008 567 usus
1032 526 1204 576 sacere;
1235 539 1288 566 ac
1314 539 1416 565 usus
1442 531 1546 565 sunt
1571 523 1757 566 effefffis

262 592 308 632 in
333 590 490 645 quibus
514 590 612 631 finis
637 591 824 640 existit:
856 603 960 630 usus
983 595 1089 630 sunt
1113 589 1188 643 qui
1218 589 1355 630 etiam
1380 594 1600 629 vocantur
1623 589 1756 629 bona.

264 654 376 695 Inde
397 660 525 708 patet
545 654 665 707 quod
686 666 814 694 amor
834 666 992 694 usuum
1010 648 1072 693 sit
1094 652 1303 700 charitas,
1326 665 1460 706 quam
1485 651 1621 692 homo
1646 664 1756 704 erga

264 718 517 772 proximum
542 716 740 757 habebit.
801 715 936 768 Quod
960 717 1011 768 ‚in
1037 715 1243 756 omnibus
1268 722 1315 756 et
1340 714 1527 767 singulis
1552 715 1610 755 sit
1641 713 1753 762 finis,

263 793 397 821 causa
417 787 463 820 et
485 777 681 827 effeetus,
699 778 925 832 explorari
946 786 1100 832 potest
1122 792 1181 819 ex
1198 791 1463 835 quacunque
1483 791 1557 818 re:
1585 784 1635 818 ut
1654 790 1756 821 cum

262 843 400 884 homo
424 842 592 896 aliquid
617 842 736 890 facit,
762 848 872 882 tunc
897 842 1006 882 dicit
1032 841 1105 882 vel
1130 855 1296 890 secum,
1323 841 1396 882 vel
1420 841 1565 889 alteri,
1591 840 1664 881 vel
1689 840 1755 881 al·

261 911 332 947 ter
362 904 438 954 illi,
467 903 655 958 “Quare
685 905 771 945 hoc
802 904 909 945 facis
923 904 963 945 ?”
997 905 1062 945 ita
1092 905 1189 958 quis
1219 903 1342 945 finis:
1382 904 1502 944 “Per
1532 904 1637 958 quid
1667 903 1754 944 hoc

234 997 239 1000 -
261 967 369 1009 facis
383 967 422 1008 ?”
451 969 516 1009 ita
535 981 614 1022 per
629 981 763 1021 quam
785 980 966 1008 causam
982 981 1000 1008 :·
1025 974 1071 1008 et
1091 971 1116 987 “
1130 966 1248 1020 Quid
1269 967 1377 1008 facis
1392 966 1432 1007 ?''
1461 967 1526 1007 ita
1541 966 1662 1020 quod
1683 973 1755 1007 est

261 1029 458 1072 effectus.
534 1030 670 1079 Finis,
702 1043 851 1079 causa,
883 1036 930 1071 et
969 1028 1154 1071 effectus
1190 1036 1410 1072 vocantur
1444 1030 1581 1070 etiam
1622 1042 1757 1070 causa

262 1092 420 1142 finalis,
443 1107 578 1134 causa
598 1093 759 1142 media,
783 1100 829 1134 et
852 1099 1111 1143 causatum;
1143 1099 1189 1134 et
1215 1107 1275 1133 ex
1302 1092 1404 1146 lege
1426 1106 1659 1133 causarum
1685 1099 1780 1136 est.

261 1157 381 1210 quod
412 1156 510 1197 finis
540 1157 597 1197 sit
628 1169 762 1197 omne
792 1157 837 1197 in
862 1170 1009 1205 causa,
1037 1163 1083 1197 et
1114 1157 1218 1197 inde
1243 1169 1378 1197 omne
1408 1156 1453 1196 in
1482 1154 1655 1204 effectu,
1681 1162 1753 1197 est

261 1221 380 1260 enim
415 1219 514 1260 finis
549 1220 646 1273 ipsa
681 1220 878 1260 essentia
913 1218 1102 1260 illorum.
1164 1218 1380 1260 Similiter
1409 1225 1480 1260 est
1517 1218 1754 1267 Dominus,

261 1283 366 1336 quia
389 1290 460 1324 est
489 1282 600 1331 finis,
628 1295 761 1323 omne
786 1283 831 1322 in
856 1295 1009 1322 amore
1034 1295 1191 1322 usuum
1217 1296 1296 1322 seu
1320 1282 1365 1322 in
1390 1282 1612 1323 charitate
1636 1282 1755 1335 apud

261 1346 505 1394 hominem,
528 1352 575 1386 et
600 1346 703 1386 inde
724 1359 859 1386 omne
884 1346 928 1385 in
953 1346 1103 1385 usibus
1124 1345 1182 1385 ab
1206 1345 1297 1393 illo,
1320 1345 1406 1386 hoc
1428 1351 1512 1393 est,
1535 1345 1579 1385 in
1606 1345 1755 1386 usibus

261 1422 341 1462 per
370 1408 508 1449 illum.
587 1408 663 1448 Ex
703 1422 759 1449 eo
794 1414 863 1449 est
900 1408 1020 1462 quod
1060 1409 1104 1448 in
1146 1407 1353 1449 Ecclesia
1388 1409 1597 1449 credatur
1632 1408 1751 1461 quod

262 1485 396 1512 omne
427 1472 594 1512 bonum
620 1472 678 1511 sit
709 1485 735 1511 a
767 1471 866 1512 Deo
897 1477 943 1512 et
969 1471 1077 1511 nihil
1103 1471 1161 1511 ab
1185 1470 1379 1520 homine,
1406 1477 1453 1512 et
1478 1471 1597 1525 quod
1630 1471 1753 1512 Deus

262 1535 320 1576 sit
344 1535 488 1588 ipsum
513 1535 692 1575 bonum.
753 1533 1054 1587 Consequitur
1073 1535 1225 1588 itaque
1246 1533 1367 1588 quod
1391 1533 1537 1574 facere
1558 1534 1753 1574 charita-

261 1604 356 1639 tem
392 1598 450 1639 sit
486 1598 632 1639 facere
669 1611 785 1645 usuS,
818 1611 896 1638 seu
932 1597 1051 1638 bona
1080 1610 1195 1651 quae
1227 1609 1334 1637 usus
1370 1603 1501 1647 sunt;
1538 1597 1602 1638 ita
1631 1597 1751 1650 quod

262 1674 389 1703 amor
412 1674 568 1702 usuum
594 1662 653 1702 sit
678 1661 886 1702 charitas

261 1791 298 1825 2.
332 1791 428 1828 Quod
440 1791 601 1826 Dominus
616 1791 665 1826 sil
677 1802 700 1825 ιι
714 1801 790 1836 quo,
808 1794 845 1825 et
858 1791 950 1835 qvod
958 1790 1140 1835 proximus
1154 1790 1204 1825 sit
1216 1791 1266 1825 ud
1277 1801 1388 1835 quem.

347 1887 482 1941 Quod
513 1887 732 1928 Dominus
762 1888 820 1929 sit
850 1901 878 1928 a
901 1901 990 1941 quo
1019 1900 1146 1928 amor
1170 1900 1327 1928 usuum
1352 1900 1431 1928 seu
1456 1887 1652 1928 charitas
1682 1894 1753 1930 est

262 1958 311 1994 et
346 1952 517 1999 existit,
549 1956 678 2004 patet
713 1964 741 1991 a
775 1964 907 2004 supra
943 1949 1086 1991 distis.
1158 1949 1295 2003 Quod
1331 1951 1563 2004 proximus
1599 1951 1659 1991 sit
1694 1951 1753 1992 ad

263 2028 410 2069 quem,
432 2021 502 2058 est
522 2014 625 2067 quia
648 2014 879 2067 proximus
904 2020 975 2055 est
996 2027 1106 2066 erga
1126 2027 1258 2067 quem
1280 2014 1476 2054 charitas
1501 2013 1751 2063 habebitur,

263 2085 311 2119 et
338 2078 407 2118 cui
437 2077 633 2118 charitas
663 2077 976 2130 praestabitur.
1036 2075 1155 2129 Quia
1183 2077 1345 2118 dicitur
1368 2077 1489 2130 quod
1520 2079 1753 2130 proximus

263 2142 321 2182 sit
346 2140 403 2181 ad
428 2153 574 2194 quem,
601 2140 775 2180 dicetur
798 2140 936 2180 etiam
960 2140 1067 2193 quid
1096 2146 1143 2180 et
1169 2140 1266 2193 quis
1291 2141 1534 2193 proximus.
1595 2140 1752 2181 Proxi-

259 2217 361 2244 mus
395 2204 441 2244 in
476 2203 571 2243 lato
600 2216 734 2243 sensu
763 2209 834 2243 est
864 2216 1103 2243 commune
1132 2216 1210 2244 seu
1240 2203 1492 2256 publicum;
1532 2203 1577 2243 in
1609 2204 1753 2244 minus

264 2266 359 2307 lato
389 2272 493 2306 sunt
524 2265 743 2313 Ecclesia,
770 2265 932 2313 Patria,
958 2266 1152 2306 societas
1182 2265 1323 2317 major
1347 2278 1398 2306 ac
1425 2266 1596 2316 minor;
1628 2273 1674 2307 et
1705 2267 1750 2307 in

259 2327 421 2371 stricto
450 2335 521 2370 est
551 2329 761 2376 concivis,
788 2329 934 2368 socius
963 2334 1011 2369 et
1041 2327 1188 2368 frater.
1250 2328 1333 2368 His
1364 2335 1411 2369 et
1441 2327 1527 2368 illis
1558 2342 1661 2369 usus
1691 2343 1751 2370 ex

263 2405 415 2433 amore
445 2398 674 2446 praestare
704 2397 774 2432 est
804 2391 1071 2432 charitatem
1101 2405 1210 2444 erga
1244 2391 1499 2444 proximum
1529 2391 1689 2441 facere,
1716 2393 1752 2433 is

265 2455 384 2496 enim
409 2461 532 2495 amat
557 2453 688 2504 illos;
720 2454 840 2507 quod
867 2460 990 2495 amet
1020 2453 1122 2494 illos
1146 2460 1216 2495 est
1241 2454 1344 2507 quia
1372 2467 1500 2495 amor
1524 2468 1680 2496 usuum
1705 2462 1752 2497 et

263 2530 391 2559 amor
410 2517 604 2570 proximi
625 2530 716 2557 non
737 2517 932 2570 separari
956 2523 1158 2570 possunt.
1219 2516 1372 2557 Homo
1392 2517 1572 2570 quidem
1598 2524 1751 2571 potest

264 2593 324 2621 ex
361 2593 513 2620 amore
544 2593 700 2620 usuum
730 2593 808 2620 seu
846 2586 906 2620 ex
943 2580 1163 2621 charitate
1198 2579 1459 2620 benefacere
1489 2580 1669 2621 inimico
1703 2587 1751 2622 et

265 2642 399 2690 malo,
421 2642 501 2683 sed
525 2642 612 2683 illis
637 2656 740 2683 usus
760 2643 1094 2696 resipiscentiae
1117 2648 1195 2683 aut
1220 2642 1598 2684 reconciliationis
1622 2657 1750 2697 prae-

265 2711 372 2754 stat,
390 2706 464 2759 qui
485 2719 588 2746 usus
609 2705 716 2746 varii
736 2712 855 2754 sunt,
873 2712 919 2746 et
942 2706 1078 2746 modo
1098 2706 1221 2746 vario
1242 2704 1352 2747 fiunt
1372 2703 1596 2760 (videatur
1614 2705 1749 2746 Matt.

266 2781 307 2809 v.
329 2777 395 2821 25,
420 2779 489 2820 43,
514 2779 583 2819 44,
610 2781 721 2822 seq.;
751 2768 853 2809 Luc.
879 2769 934 2809 vi.
961 2779 1028 2821 27,
1055 2769 1122 2818 28,
1151 2767 1239 2822 35).
