1962 3328
244 263 354 308 2504
655 262 988 295 APOCALYPSIS
1021 263 1317 295 EXPLICATA.

324 374 461 428 948.
493 384 598 423 [Vers.
613 385 656 423 5.]
683 375 760 414 “ft
768 378 863 427 post
875 374 979 415 haee
997 374 1082 421 vidi,
1099 378 1142 415 et
1155 387 1255 415 ecoe
1273 378 1455 427 aper-tum
1472 378 1539 415 est
1550 374 1732 427 templum

245 437 504 476 tabernaculi
515 437 733 477 testimonii
742 438 782 476 in
796 436 1146 489 caelo.''—Quod
1165 437 1391 489 significet
1408 438 1628 478 Divinum
1653 437 1733 478 Ve-

244 515 343 541 rum
360 501 405 541 in
434 501 570 542 Verbo
588 502 772 541 interius
794 516 822 541 a
838 501 1022 541 Domino
1039 501 1294 549 revelatum,
1315 508 1497 541 constat
1517 515 1575 541 ex
1594 502 1733 554 signi-

245 563 457 605 ficatione
483 565 722 617 “templi,’'
744 566 864 618 quod
887 566 944 605 sit
972 565 1186 604 Divinum
1211 564 1382 604 Verum
1406 579 1430 604 a
1455 565 1655 605 Domino
1681 575 1737 612 (de

246 646 320 674 qua,
336 647 366 667 n.
384 638 477 671 220,
497 637 731 679 391,915);
773 641 831 667 ex
869 626 1203 679 significatione
1241 627 1565 666 “tabernaculi
1600 628 1735 667 testi-

247 690 423 739 monii,’'
442 691 559 744 quod
584 692 721 731 etiam
741 691 797 731 sit
821 691 1032 730 Divinum
1051 690 1221 730 Verum
1245 691 1323 730 sed
1347 691 1556 740 interius;
1590 691 1735 731 simile

248 755 365 794 enim
403 767 482 806 per
522 753 942 801 “tabernaculum‘’
975 753 1094 806 quod
1132 767 1210 805 per
1244 753 1534 806 “templum''
1566 753 1735 806 signifi-

250 823 404 866 catur;
438 816 516 856 sed
544 829 643 856 cum
667 817 829 856 dicitur
855 816 1116 868 “templum
1140 816 1419 856 tabernaculi
1447 816 1737 864 testimonii,'’

250 878 527 931 significatur
550 879 761 918 Divinum
786 878 955 917 Verum
982 879 1192 918 interius:
1227 878 1346 930 quod
1373 878 1457 919 hoc
1484 878 1735 919 revelatum

251 942 324 989 sit,
358 940 627 993 intelligitur
659 954 736 993 per
768 941 886 993 quod
920 941 1118 980 “viderit
1151 941 1270 993 quod
1302 941 1345 980 id
1377 947 1582 993 apertum
1615 947 1736 982 esset

249 1004 292 1043 in
320 1002 486 1043 caelo.”
547 1003 628 1043 Per
656 1003 867 1043 Divinum
895 1003 1066 1043 Verum
1095 1004 1282 1043 interius
1300 1003 1574 1051 revelatum,
1601 1003 1736 1044 intel-

250 1066 403 1118 ligitur
426 1066 626 1106 Verbum
649 1066 797 1118 quoad
821 1078 1001 1106 sensum
1024 1066 1248 1106 internum
1268 1080 1276 1115 ;
1311 1078 1414 1105 nam
1439 1065 1640 1106 Verbum
1667 1072 1737 1106 est

250 1129 460 1169 Divinum
484 1128 669 1176 Verum,
690 1142 740 1168 ac
765 1142 921 1168 sensus
944 1129 1146 1168 internus
1169 1142 1246 1168 seu
1270 1128 1512 1180 spiritualis
1535 1134 1604 1168 est
1627 1128 1737 1168 illud

250 1192 448 1231 interius.
511 1191 592 1231 Per
617 1190 998 1231 “testimonium''
1020 1191 1288 1243 intelligitur
1311 1191 1411 1231 Lex
1433 1204 1546 1244 quae
1568 1191 1612 1231 in
1635 1204 1739 1231 arca

249 1257 450 1308 reposita
476 1255 571 1304 fuit,
599 1269 714 1308 quae
740 1256 843 1295 ideo
869 1254 990 1296 dicta
1016 1256 1096 1295 suit
1126 1260 1266 1295 “arca
1292 1255 1581 1295 testimonii.’'
1639 1266 1740 1303 (Quid

249 1329 344 1357 porro
358 1317 374 1327 ¹¹
388 1319 602 1348 testimonium
616 1320 632 1328 ''
647 1320 678 1347 in
691 1320 755 1348 lato
769 1324 800 1348 et
813 1320 844 1347 in
857 1319 966 1348 stritsto
978 1328 1073 1348 sensu
1085 1319 1397 1356 significat.videatur
1408 1328 1512 1355 supra,
1526 1328 1556 1348 n.
1574 1319 1632 1353 10,
1647 1319 1739 1360 392,

248 1371 455 1423 635,649‚
473 1381 582 1423 749.)
641 1371 811 1423 Agitur
841 1372 885 1411 in
916 1384 1034 1411 nunc
1066 1371 1362 1424 sequentibus
1392 1371 1436 1410 in
1471 1371 1557 1410 hoc
1589 1372 1739 1424 capite

249 1436 306 1476 de
333 1436 488 1476 Verbo
514 1436 700 1475 interius
727 1435 931 1476 revelato
958 1442 1204 1488 antequam
1231 1434 1422 1475 ecclesia
1448 1448 1628 1487 prorsus
1660 1435 1739 1475 de-

250 1505 431 1539 vastata
468 1505 565 1548 est;
611 1511 715 1538 nam
751 1499 794 1538 in
833 1505 1051 1551 sequente
1084 1499 1232 1551 capite
1269 1499 1418 1550 agitur
1449 1498 1504 1538 de
1541 1498 1740 1551 plenaria

250 1561 342 1614 ejus
374 1562 706 1609 devastatione,
741 1575 855 1614 quae
889 1561 1157 1601 describitur
1189 1575 1266 1614 per
1301 1566 1514 1614 “septem
1551 1561 1740 1613 angelos

250 1624 475 1664 habentes
507 1630 683 1676 septem
721 1623 897 1677 phialas
937 1623 1094 1676 plenas
1132 1624 1195 1663 ira
1232 1623 1355 1671 Dei‚’'
1387 1637 1438 1664 ac
1476 1637 1554 1676 per
1589 1637 1741 1663 earum

254 1685 617 1740 “projectionem
645 1687 688 1726 in
712 1686 918 1727 terram.⁷'
981 1685 1129 1739 Quod,
1155 1693 1399 1739 antequam
1423 1686 1555 1739 plene
1578 1686 1740 1727 devas-

251 1755 350 1790 tata
383 1755 453 1790 est
486 1749 691 1797 ecclesia,
721 1749 923 1790 Verbum
950 1750 1134 1789 interius
1161 1749 1410 1789 revelatum
1437 1750 1508 1797 sit,
1535 1749 1621 1789 hoc
1654 1755 1738 1797 est,

252 1812 400 1865 quoad
420 1825 599 1852 sensum
619 1812 911 1865 spiritualem,
933 1818 1001 1852 est
1021 1813 1122 1864 quia
1145 1818 1251 1852 tunc
1271 1812 1591 1852 instaurabitur
1611 1811 1742 1852 Nova

252 1874 473 1922 Ecclesia,
498 1875 541 1914 in
568 1888 701 1927 quam
726 1875 974 1915 invitantur
996 1875 1059 1914 illi
1085 1875 1158 1928 qui
1184 1888 1209 1914 a
1235 1875 1367 1927 priori
1390 1873 1583 1914 ecclesia
1605 1881 1708 1915 sunt
1730 1888 1739 1924 ;

254 1943 300 1978 et
333 1951 414 1990 pro
446 1937 577 1977 Nova
609 1937 817 1978 Ecclesia
848 1945 919 1978 est
951 1937 1163 1977 Divinum
1196 1937 1367 1977 Verum
1399 1937 1583 1977 interius
1614 1951 1741 1977 reve-

254 2000 423 2050 latum;
466 2000 551 2040 hoc
590 2014 679 2040 non
713 2002 860 2053 potuit
900 2001 1017 2053 prius
1049 2000 1250 2048 revelari,
1279 2006 1465 2053 propter
1496 2013 1654 2040 causas
1685 2000 1742 2040 de

254 2064 412 2117 quibus
443 2064 486 2103 in
514 2063 819 2116 sequentibus.
882 2063 1098 2104 Similiter
1124 2076 1239 2103 nunc
1273 2061 1438 2103 saecum
1469 2069 1539 2103 est
1572 2069 1620 2103 ut
1651 2063 1742 2103 fac-

255 2133 351 2167 tum
378 2133 447 2166 est
480 2127 523 2166 in
550 2125 636 2166 fine
663 2126 898 2167 Ecclesiae
923 2127 1165 2178 Judaicae;
1204 2127 1247 2166 in
1274 2125 1360 2166 fine
1388 2126 1506 2166 enim
1533 2125 1640 2178 ejus,
1668 2126 1741 2179 qui

257 2190 336 2230 fuit
363 2203 463 2230 cum
492 2189 712 2230 Dominus
739 2190 781 2229 in
809 2190 1023 2229 mundum
1048 2190 1186 2236 venit,
1211 2195 1416 2242 apertum
1443 2195 1512 2229 est
1541 2188 1742 2230 Verbum

207 2245 209 2248 ’
255 2252 467 2303 interius;
500 2252 702 2293 revelata
721 2253 839 2292 enim
859 2258 962 2292 sunt
985 2266 1010 2292 a
1034 2252 1244 2299 Domino,
1266 2265 1366 2292 cum
1388 2251 1467 2291 fuit
1491 2252 1534 2290 in
1558 2251 1740 2299 mundo,

258 2315 420 2355 Divina
442 2330 547 2356 vera
568 2316 794 2363 interiora,
814 2329 927 2368 quae
951 2329 1095 2355 novae
1118 2314 1337 2355 ecclesiae
1362 2315 1420 2354 ab
1443 2314 1548 2366 Ipso
1569 2314 1743 2354 instau-

258 2378 424 2418 randae
456 2379 722 2418 inservitura
759 2384 903 2426 erant,
937 2383 983 2418 et
1021 2391 1199 2430 quoque
1235 2376 1565 2417 inserviebant:
1608 2375 1744 2417 hodie

257 2454 432 2493 quoque
465 2447 650 2494 propter
676 2440 842 2481 similes
875 2454 1032 2480 causas
1062 2439 1262 2480 Verbum
1295 2440 1479 2479 interius
1512 2444 1581 2479 est
1613 2452 1743 2492 aper-

258 2509 367 2550 tum,
403 2510 448 2544 et
485 2504 588 2543 inde
625 2503 828 2544 revelata
865 2510 968 2543 sunt
1006 2503 1169 2542 Divina
1199 2516 1305 2543 vera
1336 2502 1482 2542 adhuc
1514 2503 1741 2551 interiora,

259 2580 372 2619 quae
399 2567 662 2606 inservitura
689 2572 792 2606 sunt
817 2565 1054 2606 Ecclesiae
1081 2565 1253 2613 Novae,
1278 2579 1392 2618 quae
1419 2564 1550 2605 Nova
1578 2565 1743 2605 Hiero-

260 2628 437 2680 solyma
458 2629 706 2669 vocabitur.
769 2627 926 2681 Qualis
954 2628 1117 2668 Divina
1143 2628 1427 2681 providentia
1454 2627 1635 2667 Domini
1661 2627 1744 2668 fuit

258 2691 302 2732 in
329 2691 582 2731 revelandis
610 2691 782 2731 Divinis
804 2692 932 2738 veris,
957 2691 1014 2730 ab
1040 2689 1240 2731 ecclesiis
1263 2690 1544 2743 progressive
1570 2690 1742 2730 instau-

260 2754 371 2794 ratis
409 2754 546 2793 videri
588 2761 755 2806 potest.
818 2753 1017 2794 Fuerunt
1060 2752 1208 2806 plures
1245 2753 1462 2793 ecclesiae
1503 2753 1546 2792 in
1588 2759 1743 2793 nostra

262 2815 423 2856 tellure
442 2830 528 2856 una
552 2823 654 2869 post
678 2816 893 2857 alteram:
928 2816 1008 2856 fuit
1027 2815 1356 2869 Antiquissima
1374 2829 1486 2868 quae
1504 2822 1610 2856 ante
1628 2814 1743 2855 dilu-

259 2878 394 2928 vium,
423 2878 502 2919 fuit
535 2878 740 2932 Antiqua
771 2893 884 2932 quae
916 2885 1020 2933 post
1052 2878 1281 2928 diluvium,
1310 2884 1405 2919 tum
1439 2878 1662 2928 Hebraea,
1696 2884 1742 2919 et
